5325 6300
558 613 605 706 ll
2000 675 2006 690 .

558 782 618 872 ob
642 779 775 862 calculi
800 771 929 860 autem
957 777 1151 879 integralis
1175 765 1488 878 imperseiiionem
1509 767 1726 871 plerumque
1744 767 1833 848 luric
1853 769 2071 874 problemati
2096 769 2228 875 (quod

558 925 720 1022 nnuman
738 926 937 1026 tangentium
965 929 1089 1024 iroersta
1111 921 1285 1010 vocatur)
1309 913 1520 1014 aequatione
1546 913 1714 992 terminis
1735 905 1850 992 sinitis
1873 917 2037 1014 expressa
2060 917 2228 1000 satisfieri

559 1073 702 1172 nequit.
760 1067 840 1147 Iuro
858 1067 942 1146 sunt
967 1067 1069 1148 casus
1095 1060 1260 1140 nonnulli
1282 1039 1399 1138 etiarn
1423 1053 1682 1160 hmpiiciihmi,
1714 1058 1778 1158 qui
1801 1054 1988 1132 methodis
2011 1059 2087 1138 huc
2105 1083 2225 1164 usque

560 1213 737 1316 expositis
756 1214 901 1294 trattati
925 1234 998 1291 non
1019 1203 1114 1308 posse
1135 1202 1326 1292 ridentur,
1352 1199 1392 1279 dr
1412 1199 1460 1278 de
1482 1201 1615 1300 quibus
1636 1201 1789 1280 inferius
1810 1199 1988 1278 dicemus.
2052 1201 2225 1308 Exempli

562 1362 671 1442 causa
700 1363 744 1441 sit
775 1377 849 1438 ra
875 1327 981 1504 ξιτ
1018 1355 1092 1436 erit
1120 1321 1214 1496 ἒ.
1241 1387 1278 1422 =
1298 1301 1395 1520 y&
1429 1349 1477 1482 de
1495 1373 1569 1452 qua
1591 1349 1768 1444 somruia.
1801 1347 1841 1428 dr
1859 1347 1940 1427 aliis
1959 1345 2023 1450 ipsi
2039 1351 2223 1456 analogio,

561 1533 656 1614 iufra
683 1551 852 1630 agemus.

562 1727 567 1736 .
658 1675 699 1784 ᾗ,
725 1686 787 1780 4⁶·
837 1673 1078 1770 Quaecunque
1100 1667 1146 1748 fit
1165 1666 1270 1764 origo
1293 1681 1418 1742 curroe
1444 1657 1602 1758 alicujus
1625 1661 1862 1760 algebraicae,
1895 1681 1940 1740 ea
1955 1655 2095 1756 semper
2110 1657 2229 1758 potest

561 1821 611 1902 ad
630 1821 880 1922 aequationem
901 1811 1030 1894 reduci
1047 1813 1145 1892 inter
1164 1808 1281 1899 restas
1300 1804 1534 1884 coordinatus
1558 1803 1718 1906 respeiiu
1740 1801 1898 1904 alicujus
1922 1799 2104 1879 diametri
2154 1801 2227 1881 Ex.

560 1986 617 2065 gr.
651 1960 1027 2042 nonannoeane
1048 1954 1302 2032 uenenum
1327 1946 1495 2048 currens
1519 1949 1644 2050 puniti
1669 1946 1833 2048 eripiens
1858 1945 1904 2024 ao
1929 1941 2012 2041 ejus
2038 1941 2131 2020 nen
2163 1965 2229 2048 pro
2254 1905 2255 1908 ‘

444 2107 449 2116 ’
559 2105 832 2189 fundamental
845 2101 956 2206 ipsius
975 2101 1198 2204 proprietate
1213 2097 1389 2182 assumta,
1413 2117 1463 2172 ex
1482 2091 1544 2172 illa
1564 2089 1761 2170 deducitur
1783 2087 1914 2166 relatio
1931 2079 2228 2165 coordinatorum

559 2249 775 2369 altemnius
796 2245 926 2328 axium
965 2247 1043 2324 imo
1073 2245 1114 2326 dr
1131 2239 1310 2356 respet'ru
1325 2237 1484 2316 duarum
1511 2232 1764 2336 quantamlibet
1796 2231 2062 2310 diametrorum
2098 2227 2227 2328 conju·

561 2405 754 2490 gatarum:
781 2391 882 2492 quod
896 2389 1032 2466 scilicet
1049 2385 1230 2486 quadrata
1254 2380 1435 2460 testarum
1460 2379 1642 2458 diametro
1668 2375 1874 2473 cuicunque
1898 2371 2097 2450 ordinatim
2114 2373 2228 2472 appli-

524 2644 528 2652 .
562 2543 734 2612 catarum
761 2531 1044 2638 proportionalia
1073 2527 1144 2608 fint
1170 2523 1391 2624 ntiangulia
1417 2519 1480 2600 sub
1507 2517 1660 2600 absciisrs
1691 2515 1863 2618 ejusdem
1891 2513 2075 2598 diametri.
2124 2515 2229 2598 idem

562 2675 665 2756 valet
680 2677 728 2754 de
746 2677 950 2782 hyperbole
959 2700 972 2772 ;
994 2673 1203 2774 pariterque
1222 2669 1273 2748 de
1286 2665 1458 2748 omnibus
1481 2663 1697 2742 setiionibus
1713 2661 1869 2748 nmen,
1894 2657 2127 2758 proprietatis
2146 2659 2232 2742 sun.

562 2815 787 2900 damennlis
812 2823 895 2902 loco
920 2817 1042 2895 sumta
1068 2812 1212 2892 ratione
1236 2813 1327 2892 data
1353 2805 1608 2886 distantiarum
1636 2803 1803 2897 cujusvis
1833 2797 1956 2896 puniti
1977 2797 2024 2872 ab
2047 2795 2226 2872 alterutro

563 2959 649 3039 foco
667 2961 707 3041 dr
726 2987 752 3042 a
774 2961 976 3041 direiiricc.
1047 2953 1226 3045 Proinde,
1258 2971 1343 3049 quae
1373 2945 1451 3044 jan
1478 2949 1664 3054 praecepta
1691 2935 1844 3010 suerunt
1865 2935 1913 3010 de
1936 2931 2047 3009 ouen
2071 2941 2226 3026 tangen-

565 3106 682 3196 tium,
715 3104 899 3207 quatenus
916 3123 1039 3183 curvae
1064 3096 1114 3177 ad
1138 3095 1299 3189 aliquam
1317 3083 1542 3163 diametrum
1563 3073 1775 3157 reseruntur
1798 3096 1863 3177 per
1887 3071 2003 3151 restas
2024 3071 2110 3149 huic
2128 3072 2228 3151 ordi·

562 3248 684 3329 naum
699 3249 917 3351 applicatas,
944 3243 1107 3345 sufficere
1135 3230 1278 3338 poliunt
1300 3236 1388 3332 (pro
1416 3224 1539 3304 onais
1565 3222 1693 3302 saltem
1722 3216 1972 3319 algebraicis).
2043 3216 2229 3307 Quoniam

563 3408 695 3477 autem
705 3392 923 3496 frequenta
942 3386 1091 3475 evenit,
1123 3391 1168 3459 ut
1193 3394 1392 3458 curvarum
1413 3368 1642 3461 aliettiones,
1675 3363 1715 3445 dr
1743 3358 1966 3443 nominatim
1987 3361 2232 3465 proprietates

518 3566 524 3574 ·
558 3562 693 3625 aarum
716 3541 765 3624 ad
789 3536 979 3617 couneus
996 3531 1245 3633 pertinentes,
1275 3520 1390 3603 modo
1414 3510 1647 3597 lucidiori&
1669 3506 1879 3611 simpliciori
1905 3527 1955 3581 ex
1977 3502 2048 3582 alia
2073 3504 2234 3604 quadam

563 3684 720 3787 ipsarum
739 3682 882 3777 origine
900 3686 968 3753 aut
983 3630 1206 3771 proprietate
1227 3666 1364 3741 deduci
1386 3658 1536 3761 poliant,
1561 3678 1674 3758 quarn
1697 3650 1724 3727 sr
1743 3652 1907 3751 aequatio
1926 3646 2024 3718 inter
2043 3643 2252 3725 coordina„

561 3840 622 3909 tas
644 3824 850 3905 restilineas
870 3815 1099 3908 instituatur3
1133 3834 1156 3888 e
1178 3831 1219 3885 re
1242 3804 1312 3895 elie
1336 3802 1484 3895 censeo,
1514 3800 1720 3907 praecipuas
1745 3807 1942 3869 curvarum
1967 3780 2128 3879 origines
2151 3808 2235 3886 per.

558 3961 744 4077 pendere,
766 3964 808 4045 dr
825 3960 1024 4043 methodos
1044 3964 1245 4056 tangentes
1271 3932 1434 4032 ducendi
1457 3951 1504 4045 iic
1525 3946 1725 4047 applicare,
1760 3958 1837 4013 non
1864 3922 2031 4005 adhibita
2052 3928 2234 4027 equatio·

557 4142 629 4221 ne,
650 4136 726 4223 qua
748 4128 873 4189 currae
897 4106 947 4185 ad
972 4104 1198 4183 diametrum
1213 4098 1376 4202 aliquam
1397 4090 1596 4201 perreriae
1614 4083 1702 4163 huic
1728 4070 1929 4153 ordinatim
1951 4066 2154 4171 applicatas
2174 4094 2234 4151 re.

561 4261 743 4341 seruntur.
804 4250 882 4329 Sed
905 4262 950 4325 ut
974 4248 1075 4325 hunc
1098 4242 1246 4345 scopum
1263 4240 1377 4317 modo
1400 4230 1601 4314 sufficiente
1623 4216 1824 4317 adimplere
1850 4205 2013 4289 valeam:
2054 4210 2230 4291 nonnulla

563 4393 825 4503 praemittenda
840 4390 924 4469 sunt
939 4390 1138 4479 lemmata,
1163 4404 1248 4485 quae
1269 4380 1310 4459 dc
1326 4370 1619 4477 insequentibus
1642 4359 1823 4466 capitibus
1853 4354 1935 4435 suas
1957 4354 2146 4439 habebitnt
2165 4376 2230 4459 ap·

494 4598 498 4605 ·
560 4540 792 4643 plicationes.

661 4676 703 4785 h·
727 4701 789 4781 4⁷·
839 4678 1027 4758 TWW·
1067 4658 1423 4764 ,Ratioaequalitatis
1441 4658 1549 4739 lines
1570 4654 1623 4735 est
1640 4664 1720 4734 tam
1736 4646 1889 4727 rationis
1914 4638 2153 4725 decrescentis
2162 4642 2220 4701 ar·

561 4845 631 4902 ωδ
646 4820 730 4925 (qui
744 4834 848 4903 totus
863 4822 987 4901 versus
1002 4815 1181 4895 chordam
1200 4830 1388 4910 mucavus
1406 4800 1640 4907 supponitur)
1663 4797 1713 4875 ad
1728 4792 1922 4886 chordam3
1946 4806 2055 4891 quam
2070 4761 2225 4846 1²5OEss

561 4968 755 5047 crescentis
769 4983 877 5041 arcus
889 4961 938 5033 ad
956 4959 1136 5031 summam
1153 4952 1389 5048 tangentium
1407 4969 1472 5051 per
1488 4954 1658 5023 extrema
1668 4938 1753 5041 eius
1771 4938 1974 5018 (iustarum,
1991 4915 2031 4993 dt
2045 4900 2221 4988 concursu

560 5103 625 5193 suo
650 5086 784 5194 mutuo
805 5096 1099 5177 terminatarum
2163 5144 2223 5223 Sit
