5325 6300
600 630 674 708 roo

699 805 739 913 ᾗ.
766 832 825 908 71.
873 803 1096 904 Priusquam
1123 807 1212 886 huic
1229 809 1341 909 capiti
1362 809 1571 890 coronidem
1592 815 1800 914 imponam
1837 813 2055 914 paucillvmls
2075 821 2258 924 attingqm

598 951 834 1054 quaestionem
860 951 959 1028 inter
982 951 1266 1027 mathematicos
1295 951 1453 1028 nimium
1480 954 1682 1048 celebrem,
1722 958 1926 1036 denatura
1955 959 2263 1056 logorithmorum

596 1095 850 1194 quantitatum
881 1093 1157 1193 negativarum:
1191 1117 1276 1191 quae
1300 1093 1452 1194 quaeliio
1477 1099 1676 1196 nequidem
1702 1113 1803 1176 mota
1830 1099 1971 1190 suillet,
2003 1103 2034 1178 ir·
2056 1107 2261 1203 algen-istro

597 1262 621 1316 a
651 1240 818 1338 legitima
853 1239 1104 1337 quantitatum
1128 1235 1446 1334 homogenearum
1476 1237 1690 1317 delmitlone
1723 1243 1899 1320 Eucliden
1932 1271 2007 1322 non
2034 1246 2260 1330 recellrllent.

597 1381 770 1462 Scilicet:
803 1382 957 1452 rationem
979 1378 1118 1476 iraterfi
1144 1349 1378 1478 magnitudines
1405 1375 1704 1476 liubere'dicvrrtrrr,
1737 1411 1807 1483 qrcn
1833 1391 2044 1483 multiplicata
2062 1391 2101 1486 se
2130 1395 2262 1468 invicem

582 1524 739 1624 strperarr
753 1515 891 1622 poffirm·
940 1519 1021 1622 Jam
1034 1521 1337 1620 reroqmntita·
1361 1523 1433 1619 (ita
1454 1525 1566 1628 dm)
1586 1529 1783 1625 negativa,
1819 1531 2112 1631 quotiescunque
2133 1537 2260 1614 multi·
2385 1563 2392 1570 ·

591 1645 748 1768 pliceiur
771 1665 873 1762 (hoc
893 1655 945 1739 'est
963 1663 1296 1763 jurtagenuiam
1314 1667 1630 1768 multiplicationis
1647 1673 1855 1761 notionem,
1882 1675 2173 1776 quotiescunque
2189 1676 2256 1756 libl

593 1803 659 1908 ipli
681 1807 858 1900 addatur,
882 1807 944 1884 seu
960 1803 1197 1908 repetamr');·'
1215 1811 1878 1912 nunquamlupe'rabitquantitatem
1900 1817 2103 1919 positivam.
2127 1821 2256 1918 ·Ergo

593 1948 695 2026 nulla
713 1951 823 2028 datur
841 1939 937 2030 ratio
959 1952 1056 2027 inter
1071 1945 1303 2050 'quamunitas
1326 1952 1396 2050 (sic
1415 1955 1555 2047 ditias)
1570 1951 1751 2054 positivus
1773 1957 1814 2038 dt
1834 1961 2040 2057 negativas.

689 2091 821 2170 Nodus
848 2107 975 2172 autem
999 2093 1187 2170 solutionis
1208 2095 1271 2172 hic
1290 2095 1352 2173 est.
1410 2096 1629 2196 Algebristae
1653 2101 1702 2176 ad
1723 2105 1950 2200 quantitates
1974 2105 2067 2206 ipsas
2088 2111 2254 2184 transtu·

588 2235 730 2324 lerunt,
764 2258 848 2335 quae
871 2237 919 2312 ad
947 2234 1049 2332 signa
1077 2247 1226 2312 tantum
1248 2239 1508 2338 pertinebant:
1549 2261 1678 2316 omnes
1705 2245 1931 2340 quantitates
1961 2249 1999 2332 in
2024 2249 2252 2354 lespeiiatau

587 2380 671 2460 sunt
688 2376 867 2481 positivae,
893 2377 955 2452 led
977 2387 1125 2450 tantum
1142 2376 1224 2454 aliae
1250 2379 1332 2455 aliis
1352 2379 1438 2456 -lunt
1454 2379 1626 2491 oppositae
1633 2405 1645 2493 ξ
1671 2383 2044 2495 hanoopposvtionem
2063 2415 2127 2491 per
2147 2391 2247 2487 signa

588 2539 646 2620 ÷,
672 2566 739 2616 -,
772 2518 1000 2616 defiguatam
1026 2541 1102 2592 non
1126 2519 1262 2598 licebat
1283 2521 1332 2598 ad
1352 2523 1579 2622 quantitates
1603 2525 1698 2628 ipsas
1717 2531 1934 2623 transferre,
1968 2531 2006 2612 n
2035 2518 2248 2632 quafi'duos

585 2671 733 2751 ordines
754 2663 1006 2766 quantitatum
1023 2659 1095 2734 hoc
1115 2661 1276 2760 respestn
1297 2665 1526 2746 constituere.
1580 2671 1827 2756 Quaestionem
1852 2675 1948 2784 lianc
1970 2677 2094 2752 lucide
2119 2675 2248 2762 admo·

584 2816 677 2894 dum
692 2805 882 2894 enodavit,
906 2802 946 2882 dt
964 2801 1013 2878 ad
1026 2803 1189 2900 genuina
1210 2807 1385 2910 principia
1404 2811 1591 2888 revocavit
1605 2811 1752 2884 illustris
1767 2813 2017 2886 hramnus
2044 2812 2246 2904 (Leipztger

582 2957 745 3056 Mogozirr
762 2953 831 3046 fiir
860 2951 908 3020 dir
931 2949 1018 3020 rriae
1037 2952 1105 3016 and
1125 2951 1569 3047 angeworrdtrMotitemotil,
1599 2942 1949 3040 178d.4trsvStrit:i)
1985 2945 2048 3040 qui
2070 2953 2238 3040 (contra

581 3099 793 3201 opinionem
812 3103 894 3166 tum
918 3089 1002 3191 Joa
1014 3086 1264 3178 Bnauounnu,
1291 3101 1372 3162 tum
1397 3083 1504 3161 &D
1529 3072 1819 3194 n'AtEmunan)
1843 3083 2073 3161 Lumumzu
2100 3082 2140 3163 dt
2160 3083 2239 3163 Eu

583 3260 683 3318 num
699 3231 892 3313 lenterum
909 3230 1116 3327 allentitur,
1141 3252 1293 3331 nempe,
1316 3226 1561 3325 loganitlrmos
1580 3225 1833 3330 quantitatum
1857 3228 1930 3323 (ita
1945 3224 2142 3325 didarum)
2175 3248 2242 3302 ne·

581 3380 791 3482 gativanum
814 3374 884 3454 elie
905 3374 1165 3473 imaginarium
1200 3374 1283 3466 seu,
1315 3370 1458 3453 nullam
1484 3368 1757 3451 efferationem
1777 3370 1874 3449 inter
1893 3370 2085 3471 negativas
2120 3370 2241 3467 (quas

584 3524 739 3617 vocant)
759 3520 984 3618 quantitates
1003 3517 1045 3597 dt
1060 3518 1244 3619 positivus
1266 3576 1271 3585 .
1302 3518 1413 3611 Quod
1437 3519 1574 3597 attinet
1590 3514 1648 3628 {ad
1669 3528 1887 3621 computum
1908 3515 2043 3593 horum
2065 3510 2243 3626 logaritlr·

577 3690 723 3751 morum
742 3660 1042 3761 imaginariorum
1054 3717 1066 3753 ,
1091 3664 1166 3743 vid.
1189 3664 1329 3743 Euam
1352 3665 1528 3737 Mrmoires
1548 3664 1586 3733 de
1605 3660 1722 3733 Berlin
1746 3632 1864 3759 1749.¹
2029 3634 2031 3643 ‚
2078 3637 2086 3645 ¹
2141 3637 2144 3645 ¹
2239 3618 2247 3647 i

1188 3978 1324 4059 Canus
1373 3977 1623 4059 sarcinum

679 4136 683 4143 “
801 4142 864 4235 De
877 4142 1155 4363 saniiioniias
1180 4149 1508 4331 trigorromrrricis
1534 4166 1702 4230 arcuum
1727 4138 1995 4229 circularium.
2063 4262 2077 4288 ,

1281 4312 1567 4462 'iras'

574 4455 817 4639 Analogia,
847 4500 931 4581 quae
958 4481 1055 4561 inter
1066 4438 1308 4581 quantitates
1328 4466 1608 4595 exponentiales
1631 4487 1689 4565 α’,
1714 4459 1980 4553 &functiones
2008 4470 2231 4587 trigonloms⁴

430 4714 437 4724 ,
575 4628 686 4701 tricas
707 4648 861 4702 arcuum
884 4623 1133 4709 circularium,
1166 4583 1295 4720 quales
1323 4620 1407 4697 sunt
1431 4618 1548 4709 sinus,
1572 4616 1731 4711 colinus,
1759 4598 1954 4714 tangentes
1977 4613 2049 4691 &c
2070 4614 2222 4691 interce

484 4766 488 4773 '
573 4766 685 4853 dit,
673 4790 749 4864 qam
772 4768 914 4845 dudum
932 4766 1004 4845 fuit
1024 4788 1047 4842 a
1068 4764 1357 4845 mathematicis.
1369 4764 1570 4845 observata.
1630 4760 1885 4838 Fundamenta
1895 4766 2027 4834 autem
2046 4722 2220 4839 analvgiae

572 4903 688 5005 hujus
709 4907 885 5008 methodo
907 4906 991 4985 satis
1018 4908 1233 5008 elementari
1254 4908 1295 5005 dc
1314 4910 1438 4987 lucida
1461 4904 1587 5038 (quod
1608 4902 1746 5027 iciam)
1772 4902 1933 5022 expofita
1958 4918 2028 4973 non
2049 4888 2220 4980 suerunt3

568 5046 706 5151 quaid
730 5044 1010 5140 mepraeitntue
1038 5044 1215 5135 arbitror,
1243 5032 1352 5125 linus
1385 5048 1425 5127 dc
1453 5024 1595 5131 edvius
1611 5044 1791 5147 cujulsvis'
1813 5050 1917 5119 arcus
1939 5024 2126 5105 circularis
2150 5050 2217 5101 ex

678 5191 684 5210 ⁷
2074 5165 2221 5267 prellio
