5325 6300
971 1398 1714 1545 1ΝΤΙ1Ο])1.1(3ΤΙΟ.Ι

1105 1656 1546 1685 m

492 1852 658 2095 Quo
681 1907 835 2007 amplior
859 1906 912 1983 est
941 1907 1100 2025 scientiae
1121 1908 1282 2011 alicujus
1307 1880 1488 2005 ambitus,
1521 1914 1561 1993 dc
1589 1934 1663 2011 quo
1681 1910 1869 1991 uberiores
1890 1910 2150 2009 gravioresque

633 2051 717 2127 sunt
740 2044 824 2151 ejus
846 2048 1108 2154 applicationes
1115 2076 1127 2148 3
1154 2078 1200 2132 eo
1213 2057 1335 2153 magis
1356 2056 1592 2133 necessarium
1617 2054 1668 2131 est
1689 2052 1875 2155 principiis
1897 2052 2007 2129 certis
2031 2075 2075 2127 ae
2094 2050 2151 2129 di·

489 2193 623 2271 lucidis
644 2192 757 2295 ipsam
781 2190 1039 2295 superstruere,
1073 2190 1113 2270 dt
1129 2196 1471 2292 consequentiarum
1498 2222 1584 2289 curn
1608 2196 1793 2299 principiis
1817 2217 1956 2271 nexum
1979 2194 2025 2271 ab
2048 2192 2150 2271 omni

493 2340 607 2415 dubio
626 2362 670 2413 ac
690 2334 907 2415 difficultate
932 2346 1058 2411 tutum
1078 2346 1191 2434 atque
1215 2337 1421 2415 immunem
1445 2334 1625 2437 praestare.
1677 2336 1841 2411 Priorem
1866 2336 2151 2433 praerogativam

481 2478 663 2577 2dottrinis
685 2474 960 2553 mathematicis
983 2485 1192 2576 'competere
1218 2479 1258 2555 in
1282 2480 1447 2557 confesso
1460 2478 1510 2557 est
1518 2501 1529 2571 ;
1566 2488 1610 2551 ut
1631 2476 1745 2553 altera
1764 2476 1970 2575 gaudeant,
2004 2474 2068 2571 qui
2085 2496 2149 2550 eas

480 2617 720 2695 meditantur
744 2626 858 2731 atque
886 2628 1100 2710 exponunt,
1134 2624 1272 2699 debent
1299 2644 1438 2701 curare.
1503 2620 1760 2699 Mathematici
1785 2628 1963 2706 veteres,
1983 2616 2152 2693 methodi

491 2757 679 2857 rigorosae,
708 2776 784 2856 qua
808 2751 968 2851 ipsorum
988 2776 1100 2851 opera
1120 2760 1264 2849 nitent,
1289 2764 1414 2835 sedulo
1442 2773 1610 2849 tenaces,
1644 2760 1832 2859 exemplat
1856 2760 2150 2857 nobis'praebue·

490 2912 580 2980 runt
600 2898 702 2977 modi
726 2898 767 2973 in
794 2892 953 2970 scientiis
978 2894 1039 2969 his
1059 2893 1283 2975 stabiliendis
1307 2910 1420 3001 atque
1447 2896 1675 2995 explicandis
1698 2900 1917 2985 adhibendi,
1948 2910 1992 2971 ut
2014 2922 2150 2975 nomen
2266 2984 2269 2992 Δ

493 3044 704 3125 exustarum
725 3050 948 3119 mereantur.
1011 3038 1270 3132 Recentiores,
1295 3041 1451 3117 stadium
1478 3038 1524 3114 ab
1550 3034 1712 3133 antiquis
1732 3036 1884 3135 pansum
1900 3036 2059 3133 ingreiir,
2085 3062 2150 3143 ve·

483 3185 606 3286 ‘stigiis
627 3187 786 3288 ipsorum
810 3207 885 3260 non
907 3179 1047 3282 semper
1071 3181 1281 3260 institerunt
1287 3205 1299 3276 3
1335 3205 1455 3280 neque
1482 3177 1685 3280 progressus
1711 3175 1792 3255 suos
1819 3181 1969 3256 omnino
1991 3181 2046 3278 ad,
2065 3203 2149 3258 nor·

492 3351 593 3411 mam
615 3329 662 3405 ab
687 3327 761 3403 illis
790 3323 1024 3404 constitutam
1046 3325 1338 3424 composuerunt.
1400 3323 1602 3424 Speciatim
1625 3329 1770 3398 veteres
1792 3325 2038 3420 quantitatem
2059 3321 2078 3398 s
2132 3361 2150 3390 .

490 3492 575 3569 per,
610 3467 751 3545 notioni
779 3465 890 3566 ipsius
914 3465 1170 3556 conformiter,
1203 3437 1381 3564 tanquam
1407 3464 1599 3566 augmenti
1629 3462 1668 3538 δι
1700 3461 1926 3569 decrementi
1956 3491 2147 3566 capacem,

484 3607 642 3710 proinde
665 3621 709 3684 ut
732 3609 897 3721 ineptam
916 3608 1129 3708 recipiendo
1160 3609 1291 3684 ultimo
1316 3611 1466 3686 cuidam
1492 3605 1758 3704 magnitudinis
1779 3605 1839 3680 vel
1859 3600 2051 3706 parvitatis
2074 3623 2149 3687 ter·

488 3754 610 3840 mino,
629 3748 913 3826 considerarunt.
963 3749 1203 3827 Recentiores
1218 3748 1366 3842 uonna,
1393 3753 1641 3850 quantitatem
1655 3749 1694 3825 in
1708 3757 1865 3844 utroque
1877 3747 1949 3824 hoc
1966 3749 2061 3826 statu
2082 3775 2148 3828 ex·

477 3905 611 3974 ,tremo
633 3891 834 3970 ratiociniis
857 3889 898 3968 dt
927 3891 1076 3970 calculis
1102 3889 1230 3989 subjici
1260 3891 1356 3989 posse
1387 3893 1476 3979 rati,
1509 3891 1737 3988 quantitates
1767 3890 2000 3983 (etiamnum
2020 3890 2067 3968 src
2090 3891 2147 3996 di-

494 4030 593 4131 aaa)
615 4032 758 4112 infinite
779 4052 936 4128 magnas
957 4003 1160 4110 &infinite
1184 4055 1317 4141 parvas
1339 4033 1578 4144 adoptarunt3
1607 4032 1907 4134 'peculiaremque
1922 4032 2146 4110 effinxerunt

494 4168 627 4251 infiniti
650 4179 860 4268 scientiam,
892 4175 954 4252 cui
979 4188 1104 4275 partes
1126 4175 1336 4252 matheseos
1351 4169 1614 4252 ¹fundamentis
1642 4174 1867 4254 solidioribus
1896 4177 1995 4258 nixae
2025 4177 2146 4281 opitu·

435 4391 438 4396 f
482 4307 620 4392 lentur
642 4322 808 4414 quidem,
834 4319 897 4396 sed
916 4338 1002 4415 qua·
1019 4318 1067 4393 ab
1088 4316 1225 4442 illissrt
1242 4329 1322 4394 tam
1346 4314 1507 4415 objeiio,
1533 4339 1646 4441 quam
1671 4315 1857 4418 principiis
1876 4319 2035 4398 diversa:
2071 4341 2146 4419 quo
2295 4313 2299 4318 ’

486 4445 622 4534 nudavi
644 4470 773 4534 conatu
798 4459 979 4538 dositheus
996 4459 1229 4558 abantiquis
1249 4457 1472 4538 transmissas
1494 4457 1649 4538 mirifice
1672 4470 1867 4538 auxerunt.

361 4667 364 4674 ·
489 4652 493 4658 ’
589 4635 810 4730 Difficultas,
834 4645 894 4722 uel
915 4643 1181 4746 impoffibilitas
1209 4643 1335 4747 potius
1363 4647 1478 4726 statuis
1500 4648 1582 4725 illos
1609 4644 1827 4745 quantitatis
1851 4643 2076 4739 (etiamnum
2096 4645 2148 4726 sio

491 4779 623 4875 ditiae)
659 4777 856 4864 definiendi
875 4788 1196 4892 impossibilitatem
1223 4756 1348 4888 prodit
1373 4789 1576 4866 existentiae
1596 4809 1725 4864 eorum
1751 4783 1803 4859 δι’
1820 4797 2037 4884 conceptus,
2070 4769 2145 4886 qu‘o

205 5023 216 5042 .
377 4925 381 4931 ·
430 4908 432 4911 ’
489 4921 827 5023 minuendum.
874 4931 961 5010 uon
982 4931 1178 5031 aggrediar
1197 4931 1272 5007 hoc
1291 4929 1375 5007 1000
1392 4929 1643 5017 aerumnas,
1668 4948 1752 5025 qua
1775 4925 1966 5026 proponet
1988 4951 2012 5004 a
2031 4928 2145 5036 agn·

489 5063 661 5157 uerunt,
684 5063 878 5149 discutere.
925 5070 1258 5180 Interim‘afferere
1274 5072 1411 5166 ausim,
1436 5094 1500 5152 eas
1527 5069 1587 5155 vei
1608 5060 1915 5152 contraditiiones
1935 5070 2140 5172 implicare,

710 5216 713 5223 ,
1333 5215 1356 5266 ⁸
1933 5245 1935 5248 Ι
2056 5233 2142 5315 quae
