<?xml version="1.0" encoding="UTF-8"?>
<!DOCTYPE html PUBLIC "-//W3C//DTD XHTML 1.0 Transitional//EN"
    "http://www.w3.org/TR/xhtml1/DTD/xhtml1-transitional.dtd">
<html xmlns="http://www.w3.org/1999/xhtml" xml:lang="en" lang="en">
 <head>
  <title>
</title>
<meta http-equiv="Content-Type" content="text/html;charset=utf-8" />
  <meta name='ocr-system' content='tesseract 3.04.00' />
  <meta name='ocr-capabilities' content='ocr_page ocr_carea ocr_par ocr_line ocrx_word'/>
</head>
<body>
  <div class='ocr_page' id='page_1' title='image "./principiorumcal00huigoog_0221.png"; bbox 0 0 5325 6300; ppageno 0'>
   <div class='ocr_carea' id='block_1_1' title="bbox 841 773 1637 1055">
    <p class='ocr_par' dir='ltr' id='par_1_1' title="bbox 841 773 1637 1055">
     <span class='ocr_line' id='line_1_1' title="bbox 846 773 1610 884; baseline -0.003 -20"><span class='ocrx_word' id='word_1_1' title='bbox 846 823 850 828; x_wconf 45' lang='lat'><strong><em>¹</em></strong></span> <span class='ocrx_word' id='word_1_2' title='bbox 956 784 1088 863; x_wconf 72' lang='lat' dir='ltr'><strong>canna</strong></span> <span class='ocrx_word' id='word_1_3' title='bbox 1115 773 1306 864; x_wconf 71' lang='lat' dir='ltr'><strong>naculum</strong></span> <span class='ocrx_word' id='word_1_4' title='bbox 1328 805 1538 884; x_wconf 73' lang='lat' dir='ltr'><strong>cucurum.</strong></span> <span class='ocrx_word' id='word_1_5' title='bbox 1604 777 1610 788; x_wconf 77' lang='grc'><em>“</em></span> 
     </span>
     <span class='ocr_line' id='line_1_2' title="bbox 841 933 1637 1055; baseline 0.005 -33"><span class='ocrx_word' id='word_1_6' title='bbox 841 933 912 1022; x_wconf 89' lang='lat' dir='ltr'><strong>De</strong></span> <span class='ocrx_word' id='word_1_7' title='bbox 964 935 1137 1044; x_wconf 76' lang='lat' dir='ltr'><strong>regula</strong></span> <span class='ocrx_word' id='word_1_8' title='bbox 1166 935 1437 1055; x_wconf 47' lang='lat' dir='ltr'><strong>&#39;Gustatus</strong></span> <span class='ocrx_word' id='word_1_9' title='bbox 1492 937 1637 1027; x_wconf 80' lang='lat' dir='ltr'><strong>dicta.</strong></span> 
     </span>
    </p>
   </div>
   <div class='ocr_carea' id='block_1_2' title="bbox 294 1119 2395 4330">
    <p class='ocr_par' dir='ltr' id='par_1_2' title="bbox 294 1119 2395 4330">
     <span class='ocr_line' id='line_1_3' title="bbox 1166 1119 1368 1226; baseline -0.025 0"><span class='ocrx_word' id='word_1_10' title='bbox 1166 1119 1206 1226; x_wconf 82' lang='lat' dir='ltr'><strong>b·</strong></span> <span class='ocrx_word' id='word_1_11' title='bbox 1240 1148 1319 1222; x_wconf 87' lang='lat'>124·</span> <span class='ocrx_word' id='word_1_12' title='bbox 1365 1173 1368 1178; x_wconf 95' lang='lat'>·</span> 
     </span>
     <span class='ocr_line' id='line_1_4' title="bbox 418 1233 2120 1402; baseline -0.002 -53"><span class='ocrx_word' id='word_1_13' title='bbox 418 1233 570 1402; x_wconf 79' lang='lat' dir='ltr'><strong>Retia</strong></span> <span class='ocrx_word' id='word_1_14' title='bbox 596 1267 851 1365; x_wconf 82' lang='lat' dir='ltr'>magnitudine</span> <span class='ocrx_word' id='word_1_15' title='bbox 874 1265 961 1342; x_wconf 85' lang='lat' dir='ltr'><strong>data</strong></span> <span class='ocrx_word' id='word_1_16' title='bbox 986 1265 1082 1341; x_wconf 87' lang='lat' dir='ltr'><strong>circa</strong></span> <span class='ocrx_word' id='word_1_17' title='bbox 1107 1285 1217 1340; x_wconf 84' lang='lat' dir='ltr'>axem</span> <span class='ocrx_word' id='word_1_18' title='bbox 1240 1285 1496 1362; x_wconf 78' lang='lat' dir='ltr'><strong>quemcunque</strong></span> <span class='ocrx_word' id='word_1_19' title='bbox 1526 1265 1566 1342; x_wconf 93' lang='lat' dir='ltr'><strong>in</strong></span> <span class='ocrx_word' id='word_1_20' title='bbox 1593 1265 1724 1342; x_wconf 89' lang='lat' dir='ltr'><strong>eodem</strong></span> <span class='ocrx_word' id='word_1_21' title='bbox 1745 1269 1855 1368; x_wconf 88' lang='lat' dir='ltr'><strong>plano</strong></span> <span class='ocrx_word' id='word_1_22' title='bbox 1874 1266 1982 1345; x_wconf 84' lang='lat' dir='ltr'><strong>suun</strong></span> <span class='ocrx_word' id='word_1_23' title='bbox 2005 1284 2063 1346; x_wconf 83' lang='lat' dir='ltr'><strong>re·</strong></span> <span class='ocrx_word' id='word_1_24' title='bbox 2117 1252 2120 1260; x_wconf 74' lang='grc'><strong>’</strong></span> 
     </span>
     <span class='ocr_line' id='line_1_5' title="bbox 420 1383 2271 1514; baseline -0.005 -21"><span class='ocrx_word' id='word_1_25' title='bbox 420 1419 600 1498; x_wconf 82' lang='lat' dir='ltr'><strong>volvatur.</strong></span> <span class='ocrx_word' id='word_1_26' title='bbox 665 1407 885 1514; x_wconf 74' lang='lat' dir='ltr'><strong>Superficies</strong></span> <span class='ocrx_word' id='word_1_27' title='bbox 912 1405 1112 1504; x_wconf 83' lang='lat' dir='ltr'><strong>cylindrica</strong></span> <span class='ocrx_word' id='word_1_28' title='bbox 1126 1423 1129 1432; x_wconf 85' lang='lat'>&#39;</span> <span class='ocrx_word' id='word_1_29' title='bbox 1144 1404 1205 1482; x_wconf 92' lang='lat' dir='ltr'><strong>vel</strong></span> <span class='ocrx_word' id='word_1_30' title='bbox 1237 1408 1383 1496; x_wconf 88' lang='lat' dir='ltr'><strong>conica,</strong></span> <span class='ocrx_word' id='word_1_31' title='bbox 1421 1407 1605 1482; x_wconf 88' lang='lat' dir='ltr'><strong>rotatione</strong></span> <span class='ocrx_word' id='word_1_32' title='bbox 1634 1407 1742 1485; x_wconf 77' lang='lat' dir='ltr'><strong>refiae</strong></span> <span class='ocrx_word' id='word_1_33' title='bbox 1775 1406 1889 1504; x_wconf 85' lang='lat' dir='ltr'><strong>hujus</strong></span> <span class='ocrx_word' id='word_1_34' title='bbox 1920 1409 2065 1504; x_wconf 79' lang='lat' dir='ltr'><strong>genita,</strong></span> <span class='ocrx_word' id='word_1_35' title='bbox 2117 1383 2120 1392; x_wconf 37' lang='lat'>⁵</span> <span class='ocrx_word' id='word_1_36' title='bbox 2267 1431 2271 1439; x_wconf 91' lang='lat'>·</span> 
     </span>
     <span class='ocr_line' id='line_1_6' title="bbox 421 1543 2222 1664; baseline -0.006 -32"><span class='ocrx_word' id='word_1_37' title='bbox 421 1555 573 1654; x_wconf 75' lang='lat' dir='ltr'><strong>aequalis</strong></span> <span class='ocrx_word' id='word_1_38' title='bbox 590 1548 641 1626; x_wconf 84' lang='lat' dir='ltr'><strong>est</strong></span> <span class='ocrx_word' id='word_1_39' title='bbox 661 1547 871 1644; x_wconf 79' lang='lat' dir='ltr'><strong>retiangulc</strong></span> <span class='ocrx_word' id='word_1_40' title='bbox 890 1547 1040 1622; x_wconf 83' lang='lat' dir='ltr'><strong>subhac</strong></span> <span class='ocrx_word' id='word_1_41' title='bbox 1060 1546 1158 1620; x_wconf 91' lang='lat' dir='ltr'><strong>linea</strong></span> <span class='ocrx_word' id='word_1_42' title='bbox 1182 1543 1222 1622; x_wconf 88' lang='lat'>&amp;</span> <span class='ocrx_word' id='word_1_43' title='bbox 1242 1543 1304 1624; x_wconf 86' lang='lat' dir='ltr'><strong>sub</strong></span> <span class='ocrx_word' id='word_1_44' title='bbox 1326 1547 1621 1644; x_wconf 64' lang='lat' dir='ltr'><strong>circumferentia</strong></span> <span class='ocrx_word' id='word_1_45' title='bbox 1637 1569 1660 1624; x_wconf 88' lang='lat' dir='ltr'><strong>a</strong></span> <span class='ocrx_word' id='word_1_46' title='bbox 1676 1547 1806 1648; x_wconf 74' lang='lat' dir='ltr'><strong>puncto</strong></span> <span class='ocrx_word' id='word_1_47' title='bbox 1821 1547 1929 1624; x_wconf 90' lang='lat' dir='ltr'><strong>lineae</strong></span> <span class='ocrx_word' id='word_1_48' title='bbox 1951 1547 2066 1644; x_wconf 82' lang='lat' dir='ltr'><strong>hujus</strong></span> <span class='ocrx_word' id='word_1_49' title='bbox 2209 1551 2222 1664; x_wconf 65' lang='lat' dir='ltr'>j</span> 
     </span>
     <span class='ocr_line' id='line_1_7' title="bbox 335 1671 2107 1792; baseline -0.008 -17"><span class='ocrx_word' id='word_1_50' title='bbox 335 1730 339 1738; x_wconf 95' lang='lat'>·</span> <span class='ocrx_word' id='word_1_51' title='bbox 415 1697 545 1774; x_wconf 88' lang='lat' dir='ltr'><strong>medio</strong></span> <span class='ocrx_word' id='word_1_52' title='bbox 574 1689 760 1786; x_wconf 89' lang='lat' dir='ltr'><strong>descripta.</strong></span> <span class='ocrx_word' id='word_1_53' title='bbox 824 1687 983 1762; x_wconf 87' lang='lat' dir='ltr'>Proinde</span> <span class='ocrx_word' id='word_1_54' title='bbox 1008 1685 1232 1786; x_wconf 84' lang='lat' dir='ltr'><strong>superficies,</strong></span> <span class='ocrx_word' id='word_1_55' title='bbox 1265 1687 1408 1766; x_wconf 77' lang='lat' dir='ltr'><strong>aretia</strong></span> <span class='ocrx_word' id='word_1_56' title='bbox 1435 1687 1690 1786; x_wconf 85' lang='lat' dir='ltr'><strong>magnitudine</strong></span> <span class='ocrx_word' id='word_1_57' title='bbox 1717 1691 1805 1766; x_wconf 88' lang='lat' dir='ltr'><strong>data</strong></span> <span class='ocrx_word' id='word_1_58' title='bbox 1825 1676 1928 1773; x_wconf 50' lang='lat' dir='ltr'><strong>xcirca</strong></span> <span class='ocrx_word' id='word_1_59' title='bbox 1948 1671 2107 1792; x_wconf 76' lang='lat' dir='ltr'><strong>varice</strong></span> 
     </span>
     <span class='ocr_line' id='line_1_8' title="bbox 423 1825 2069 1936; baseline -0.008 -19"><span class='ocrx_word' id='word_1_60' title='bbox 423 1862 513 1917; x_wconf 87' lang='lat' dir='ltr'><strong>axes</strong></span> <span class='ocrx_word' id='word_1_61' title='bbox 540 1832 708 1912; x_wconf 90' lang='lat' dir='ltr'><strong>revoluta</strong></span> <span class='ocrx_word' id='word_1_62' title='bbox 727 1829 884 1924; x_wconf 85' lang='lat' dir='ltr'><strong>genitae,</strong></span> <span class='ocrx_word' id='word_1_63' title='bbox 915 1827 1202 1928; x_wconf 77' lang='lat' dir='ltr'><strong>proportionales</strong></span> <span class='ocrx_word' id='word_1_64' title='bbox 1229 1825 1312 1902; x_wconf 87' lang='lat' dir='ltr'><strong>sunt</strong></span> <span class='ocrx_word' id='word_1_65' title='bbox 1335 1827 1514 1910; x_wconf 88' lang='lat' dir='ltr'><strong>distantiis</strong></span> <span class='ocrx_word' id='word_1_66' title='bbox 1538 1831 1664 1936; x_wconf 73' lang='lat' dir='ltr'><strong>puniti</strong></span> <span class='ocrx_word' id='word_1_67' title='bbox 1684 1830 1765 1932; x_wconf 83' lang='lat' dir='ltr'><strong>ejus</strong></span> <span class='ocrx_word' id='word_1_68' title='bbox 1787 1829 1901 1908; x_wconf 89' lang='lat' dir='ltr'><strong>medii</strong></span> <span class='ocrx_word' id='word_1_69' title='bbox 1927 1828 1972 1907; x_wconf 89' lang='lat' dir='ltr'><strong>ab</strong></span> <span class='ocrx_word' id='word_1_70' title='bbox 1998 1851 2069 1906; x_wconf 86' lang='lat' dir='ltr'><strong>axe</strong></span> 
     </span>
     <span class='ocr_line' id='line_1_9' title="bbox 423 1941 2218 2087; baseline -0.007 -33"><span class='ocrx_word' id='word_1_71' title='bbox 423 1973 673 2087; x_wconf 78' lang='lat' dir='ltr'><strong>revolutionis.</strong></span> <span class='ocrx_word' id='word_1_72' title='bbox 1047 2007 1050 2013; x_wconf 95' lang='lat'><em>·</em></span> <span class='ocrx_word' id='word_1_73' title='bbox 1350 2031 1352 2040; x_wconf 94' lang='lat'><em>.</em></span> <span class='ocrx_word' id='word_1_74' title='bbox 1835 2027 1838 2040; x_wconf 92' lang='lat'>.</span> <span class='ocrx_word' id='word_1_75' title='bbox 1934 1941 1938 1951; x_wconf 13' lang='grc' dir='ltr'><strong>ἁ</strong></span> <span class='ocrx_word' id='word_1_76' title='bbox 2215 2037 2218 2041; x_wconf 89' lang='grc'>,</span> 
     </span>
     <span class='ocr_line' id='line_1_10' title="bbox 520 2098 2179 2210; baseline -0.007 -16"><span class='ocrx_word' id='word_1_77' title='bbox 520 2115 664 2194; x_wconf 85' lang='lat' dir='ltr'><strong>Pariter</strong></span> <span class='ocrx_word' id='word_1_78' title='bbox 690 2098 881 2206; x_wconf 74' lang='lat' dir='ltr'><strong>cylindrus</strong></span> <span class='ocrx_word' id='word_1_79' title='bbox 898 2111 959 2188; x_wconf 90' lang='lat' dir='ltr'><strong>vel</strong></span> <span class='ocrx_word' id='word_1_80' title='bbox 979 2108 1138 2188; x_wconf 81' lang='lat' dir='ltr'><strong>annulus</strong></span> <span class='ocrx_word' id='word_1_81' title='bbox 1160 2107 1399 2205; x_wconf 79' lang='lat' dir='ltr'><strong>cyundricus,</strong></span> <span class='ocrx_word' id='word_1_82' title='bbox 1432 2133 1456 2186; x_wconf 89' lang='lat' dir='ltr'><strong>a</strong></span> <span class='ocrx_word' id='word_1_83' title='bbox 1475 2111 1684 2210; x_wconf 82' lang='lat' dir='ltr'><strong>reflangulc</strong></span> <span class='ocrx_word' id='word_1_84' title='bbox 1707 2112 1803 2188; x_wconf 87' lang='lat' dir='ltr'><strong>circa</strong></span> <span class='ocrx_word' id='word_1_85' title='bbox 1822 2132 1939 2186; x_wconf 90' lang='lat' dir='ltr'><strong>unum</strong></span> <span class='ocrx_word' id='word_1_86' title='bbox 1962 2104 2072 2207; x_wconf 87' lang='lat' dir='ltr'><strong>ipiius</strong></span> <span class='ocrx_word' id='word_1_87' title='bbox 2175 2189 2179 2195; x_wconf 68' lang='grc'>,</span> 
     </span>
     <span class='ocr_line' id='line_1_11' title="bbox 344 2249 2075 2365; baseline 0 -37"><span class='ocrx_word' id='word_1_88' title='bbox 344 2323 348 2328; x_wconf 35' lang='lat'><em>2</em></span> <span class='ocrx_word' id='word_1_89' title='bbox 423 2261 541 2348; x_wconf 74' lang='lat' dir='ltr'><strong>lanis,</strong></span> <span class='ocrx_word' id='word_1_90' title='bbox 566 2255 626 2365; x_wconf 83' lang='lat' dir='ltr'><strong>vel</strong></span> <span class='ocrx_word' id='word_1_91' title='bbox 640 2255 736 2329; x_wconf 90' lang='lat' dir='ltr'><strong>circa</strong></span> <span class='ocrx_word' id='word_1_92' title='bbox 750 2253 886 2328; x_wconf 83' lang='lat' dir='ltr'><strong>retiam</strong></span> <span class='ocrx_word' id='word_1_93' title='bbox 902 2253 968 2328; x_wconf 91' lang='lat' dir='ltr'><strong>uni</strong></span> <span class='ocrx_word' id='word_1_94' title='bbox 989 2275 1039 2326; x_wconf 90' lang='lat' dir='ltr'><strong>ex</strong></span> <span class='ocrx_word' id='word_1_95' title='bbox 1057 2251 1235 2328; x_wconf 88' lang='lat' dir='ltr'><strong>lateribus</strong></span> <span class='ocrx_word' id='word_1_96' title='bbox 1249 2249 1333 2349; x_wconf 86' lang='lat' dir='ltr'><strong>ejus</strong></span> <span class='ocrx_word' id='word_1_97' title='bbox 1350 2251 1560 2351; x_wconf 81' lang='lat' dir='ltr'><strong>parallelam</strong></span> <span class='ocrx_word' id='word_1_98' title='bbox 1578 2251 1746 2330; x_wconf 88' lang='lat' dir='ltr'><strong>revoluto</strong></span> <span class='ocrx_word' id='word_1_99' title='bbox 1759 2251 1924 2352; x_wconf 87' lang='lat' dir='ltr'><strong>genitus,</strong></span> <span class='ocrx_word' id='word_1_100' title='bbox 1948 2269 2075 2347; x_wconf 83' lang='lat' dir='ltr'><strong>aequa·</strong></span> 
     </span>
     <span class='ocr_line' id='line_1_12' title="bbox 423 2379 2221 2500; baseline -0.005 -24"><span class='ocrx_word' id='word_1_101' title='bbox 423 2379 471 2476; x_wconf 77' lang='lat' dir='ltr'><strong>lid</strong></span> <span class='ocrx_word' id='word_1_102' title='bbox 496 2397 547 2472; x_wconf 86' lang='lat' dir='ltr'><strong>est</strong></span> <span class='ocrx_word' id='word_1_103' title='bbox 573 2392 758 2492; x_wconf 91' lang='lat' dir='ltr'><strong>prismati,</strong></span> <span class='ocrx_word' id='word_1_104' title='bbox 783 2390 891 2488; x_wconf 87' lang='lat' dir='ltr'><strong>cujus</strong></span> <span class='ocrx_word' id='word_1_105' title='bbox 913 2389 1007 2468; x_wconf 87' lang='lat' dir='ltr'><strong>bafrs</strong></span> <span class='ocrx_word' id='word_1_106' title='bbox 1035 2389 1087 2466; x_wconf 85' lang='lat' dir='ltr'><strong>est</strong></span> <span class='ocrx_word' id='word_1_107' title='bbox 1107 2389 1223 2489; x_wconf 85' lang='lat' dir='ltr'><strong>ipsum</strong></span> <span class='ocrx_word' id='word_1_108' title='bbox 1248 2392 1517 2488; x_wconf 81' lang='lat' dir='ltr'><strong>retiangulum,</strong></span> <span class='ocrx_word' id='word_1_109' title='bbox 1549 2391 1590 2470; x_wconf 65' lang='grc' dir='ltr'><strong>ὃ(</strong></span> <span class='ocrx_word' id='word_1_110' title='bbox 1611 2391 1718 2492; x_wconf 88' lang='lat' dir='ltr'><strong>cujus</strong></span> <span class='ocrx_word' id='word_1_111' title='bbox 1743 2393 1900 2468; x_wconf 86' lang='lat' dir='ltr'><strong>altitudo</strong></span> <span class='ocrx_word' id='word_1_112' title='bbox 1921 2389 2074 2488; x_wconf 76' lang='lat' dir='ltr'><strong>aequalis</strong></span> <span class='ocrx_word' id='word_1_113' title='bbox 2137 2455 2152 2474; x_wconf 58' lang='lat'><strong>„</strong></span> <span class='ocrx_word' id='word_1_114' title='bbox 2214 2488 2221 2500; x_wconf 90' lang='lat'><em>.</em></span> 
     </span>
     <span class='ocr_line' id='line_1_13' title="bbox 425 2517 2239 2638; baseline -0.003 -27"><span class='ocrx_word' id='word_1_115' title='bbox 425 2541 477 2618; x_wconf 86' lang='lat' dir='ltr'><strong>est</strong></span> <span class='ocrx_word' id='word_1_116' title='bbox 498 2531 823 2620; x_wconf 74' lang='lat' dir='ltr'><strong>circumferentiae,</strong></span> <span class='ocrx_word' id='word_1_117' title='bbox 856 2551 969 2626; x_wconf 91' lang='lat' dir='ltr'><strong>quam</strong></span> <span class='ocrx_word' id='word_1_118' title='bbox 992 2517 1159 2604; x_wconf 75' lang='lat' dir='ltr'><strong>centrum</strong></span> <span class='ocrx_word' id='word_1_119' title='bbox 1183 2531 1314 2624; x_wconf 85' lang='lat' dir='ltr'><strong>figurae</strong></span> <span class='ocrx_word' id='word_1_120' title='bbox 1331 2531 1534 2638; x_wconf 26' lang='lat' dir='ltr'><strong>,retianguli</strong></span> <span class='ocrx_word' id='word_1_121' title='bbox 1554 2532 1625 2614; x_wconf 87' lang='lat' dir='ltr'><strong>hac</strong></span> <span class='ocrx_word' id='word_1_122' title='bbox 1650 2533 1876 2610; x_wconf 88' lang='lat' dir='ltr'><strong>revolutione</strong></span> <span class='ocrx_word' id='word_1_123' title='bbox 1898 2529 2076 2631; x_wconf 83' lang='lat' dir='ltr'><strong>percurrit</strong></span> <span class='ocrx_word' id='word_1_124' title='bbox 2178 2528 2182 2536; x_wconf 82' lang='lat'><em>&#39;</em></span> <span class='ocrx_word' id='word_1_125' title='bbox 2229 2568 2239 2584; x_wconf 90' lang='lat'><em>·</em></span> 
     </span>
     <span class='ocr_line' id='line_1_14' title="bbox 424 2665 2286 2774; baseline -0.004 -20"><span class='ocrx_word' id='word_1_126' title='bbox 424 2681 487 2756; x_wconf 90' lang='lat' dir='ltr'><strong>feu</strong></span> <span class='ocrx_word' id='word_1_127' title='bbox 506 2685 669 2774; x_wconf 87' lang='lat' dir='ltr'><strong>generat.</strong></span> <span class='ocrx_word' id='word_1_128' title='bbox 722 2669 846 2746; x_wconf 90' lang='lat' dir='ltr'><strong>Solida</strong></span> <span class='ocrx_word' id='word_1_129' title='bbox 865 2665 986 2762; x_wconf 68' lang='lat' dir='ltr'><strong>igitur,</strong></span> <span class='ocrx_word' id='word_1_130' title='bbox 996 2667 1042 2742; x_wconf 86' lang='lat' dir='ltr'><strong>ab</strong></span> <span class='ocrx_word' id='word_1_131' title='bbox 1062 2667 1195 2747; x_wconf 86' lang='lat' dir='ltr'><strong>ecdem</strong></span> <span class='ocrx_word' id='word_1_132' title='bbox 1212 2667 1442 2761; x_wconf 75' lang='lat' dir='ltr'><strong>reitangulc,</strong></span> <span class='ocrx_word' id='word_1_133' title='bbox 1468 2671 1563 2744; x_wconf 89' lang='lat' dir='ltr'><strong>circa</strong></span> <span class='ocrx_word' id='word_1_134' title='bbox 1586 2673 1705 2748; x_wconf 87' lang='lat' dir='ltr'><strong>varios</strong></span> <span class='ocrx_word' id='word_1_135' title='bbox 1722 2695 1813 2750; x_wconf 85' lang='lat' dir='ltr'><strong>axes</strong></span> <span class='ocrx_word' id='word_1_136' title='bbox 1832 2675 1897 2750; x_wconf 89' lang='lat' dir='ltr'><strong>uni</strong></span> <span class='ocrx_word' id='word_1_137' title='bbox 1916 2672 2076 2750; x_wconf 87' lang='lat' dir='ltr'><strong>laterum</strong></span> <span class='ocrx_word' id='word_1_138' title='bbox 2284 2665 2286 2672; x_wconf 68' lang='lat'>&#39;</span> 
     </span>
     <span class='ocr_line' id='line_1_15' title="bbox 426 2805 2149 2924; baseline -0.001 -37"><span class='ocrx_word' id='word_1_139' title='bbox 426 2817 509 2916; x_wconf 83' lang='lat' dir='ltr'><strong>ejus</strong></span> <span class='ocrx_word' id='word_1_140' title='bbox 533 2807 724 2913; x_wconf 88' lang='lat' dir='ltr'><strong>parallelos</strong></span> <span class='ocrx_word' id='word_1_141' title='bbox 745 2807 930 2894; x_wconf 87' lang='lat' dir='ltr'><strong>revoluto,</strong></span> <span class='ocrx_word' id='word_1_142' title='bbox 967 2808 1095 2902; x_wconf 88' lang='lat' dir='ltr'><strong>genita</strong></span> <span class='ocrx_word' id='word_1_143' title='bbox 1118 2807 1399 2904; x_wconf 86' lang='lat' dir='ltr'><strong>proportionalia</strong></span> <span class='ocrx_word' id='word_1_144' title='bbox 1422 2807 1505 2884; x_wconf 88' lang='lat' dir='ltr'><strong>sunt</strong></span> <span class='ocrx_word' id='word_1_145' title='bbox 1530 2805 1708 2886; x_wconf 70' lang='lat' dir='ltr'><strong>dstantiis</strong></span> <span class='ocrx_word' id='word_1_146' title='bbox 1736 2811 1852 2924; x_wconf 82' lang='lat' dir='ltr'><strong>centri</strong></span> <span class='ocrx_word' id='word_1_147' title='bbox 1878 2809 1993 2908; x_wconf 83' lang='lat' dir='ltr'><strong>hujus</strong></span> <span class='ocrx_word' id='word_1_148' title='bbox 2016 2833 2075 2887; x_wconf 80' lang='lat' dir='ltr'><strong>re·</strong></span> <span class='ocrx_word' id='word_1_149' title='bbox 2144 2829 2149 2852; x_wconf 64' lang='lat'>³</span> 
     </span>
     <span class='ocr_line' id='line_1_16' title="bbox 427 2945 1014 3050; baseline -0.017 -23"><span class='ocrx_word' id='word_1_150' title='bbox 427 2952 587 3050; x_wconf 65' lang='lat' dir='ltr'><strong>&amp;anguli</strong></span> <span class='ocrx_word' id='word_1_151' title='bbox 605 2949 652 3024; x_wconf 89' lang='lat' dir='ltr'><strong>ab</strong></span> <span class='ocrx_word' id='word_1_152' title='bbox 673 2970 743 3020; x_wconf 88' lang='lat' dir='ltr'><strong>axe</strong></span> <span class='ocrx_word' id='word_1_153' title='bbox 764 2945 1014 3022; x_wconf 67' lang='lat' dir='ltr'><strong>revolutionis.</strong></span> 
     </span>
     <span class='ocr_line' id='line_1_17' title="bbox 521 3079 2080 3190; baseline -0.001 -18"><span class='ocrx_word' id='word_1_154' title='bbox 521 3093 594 3173; x_wconf 85' lang='lat' dir='ltr'><strong>llis</strong></span> <span class='ocrx_word' id='word_1_155' title='bbox 607 3083 788 3185; x_wconf 87' lang='lat' dir='ltr'><strong>exemplis</strong></span> <span class='ocrx_word' id='word_1_156' title='bbox 809 3081 993 3182; x_wconf 90' lang='lat' dir='ltr'><strong>(omnium</strong></span> <span class='ocrx_word' id='word_1_157' title='bbox 1003 3079 1292 3182; x_wconf 76' lang='lat' dir='ltr'><strong>simplicissimis)</strong></span> <span class='ocrx_word' id='word_1_158' title='bbox 1311 3087 1517 3183; x_wconf 78' lang='lat' dir='ltr'><strong>praemissis,</strong></span> <span class='ocrx_word' id='word_1_159' title='bbox 1532 3080 1640 3165; x_wconf 88' lang='lat' dir='ltr'><strong>facile</strong></span> <span class='ocrx_word' id='word_1_160' title='bbox 1654 3090 1891 3187; x_wconf 74' lang='lat' dir='ltr'><strong>intelligitur,</strong></span> <span class='ocrx_word' id='word_1_161' title='bbox 1916 3091 2080 3190; x_wconf 82' lang='lat' dir='ltr'><strong>quidfibl</strong></span> 
     </span>
     <span class='ocr_line' id='line_1_18' title="bbox 426 3222 2079 3332; baseline -0.002 -21"><span class='ocrx_word' id='word_1_162' title='bbox 426 3236 520 3321; x_wconf 75' lang='lat' dir='ltr'><strong>velit</strong></span> <span class='ocrx_word' id='word_1_163' title='bbox 544 3230 674 3322; x_wconf 83' lang='lat' dir='ltr'><strong>regula</strong></span> <span class='ocrx_word' id='word_1_164' title='bbox 701 3224 821 3316; x_wconf 83' lang='lat' dir='ltr'><strong>capite</strong></span> <span class='ocrx_word' id='word_1_165' title='bbox 849 3222 920 3291; x_wconf 86' lang='lat' dir='ltr'><strong>hoc</strong></span> <span class='ocrx_word' id='word_1_166' title='bbox 944 3224 1172 3315; x_wconf 83' lang='lat' dir='ltr'><strong>explicanda.</strong></span> <span class='ocrx_word' id='word_1_167' title='bbox 1232 3226 1383 3301; x_wconf 86' lang='lat' dir='ltr'><strong>Scilicet</strong></span> <span class='ocrx_word' id='word_1_168' title='bbox 1405 3231 1513 3303; x_wconf 86' lang='lat' dir='ltr'><strong>lineae</strong></span> <span class='ocrx_word' id='word_1_169' title='bbox 1537 3229 1597 3303; x_wconf 87' lang='lat' dir='ltr'><strong>vel</strong></span> <span class='ocrx_word' id='word_1_170' title='bbox 1620 3228 1825 3329; x_wconf 83' lang='lat' dir='ltr'><strong>superficies</strong></span> <span class='ocrx_word' id='word_1_171' title='bbox 1850 3250 2079 3332; x_wconf 79' lang='lat' dir='ltr'><strong>qllaecunque</strong></span> 
     </span>
     <span class='ocr_line' id='line_1_19' title="bbox 429 3355 2218 3472; baseline -0.002 -17"><span class='ocrx_word' id='word_1_172' title='bbox 429 3390 509 3455; x_wconf 90' lang='lat' dir='ltr'><strong>tam</strong></span> <span class='ocrx_word' id='word_1_173' title='bbox 533 3365 647 3467; x_wconf 89' lang='lat' dir='ltr'><strong>fpecie</strong></span> <span class='ocrx_word' id='word_1_174' title='bbox 672 3380 785 3457; x_wconf 88' lang='lat' dir='ltr'><strong>quam</strong></span> <span class='ocrx_word' id='word_1_175' title='bbox 807 3355 1062 3449; x_wconf 86' lang='lat' dir='ltr'><strong>magnitudine</strong></span> <span class='ocrx_word' id='word_1_176' title='bbox 1088 3358 1186 3431; x_wconf 88' lang='lat' dir='ltr'><strong>datae</strong></span> <span class='ocrx_word' id='word_1_177' title='bbox 1212 3358 1311 3435; x_wconf 89' lang='lat' dir='ltr'><strong>circa</strong></span> <span class='ocrx_word' id='word_1_178' title='bbox 1336 3386 1444 3437; x_wconf 90' lang='lat' dir='ltr'><strong>axem</strong></span> <span class='ocrx_word' id='word_1_179' title='bbox 1466 3364 1627 3459; x_wconf 85' lang='lat' dir='ltr'><strong>aliquem</strong></span> <span class='ocrx_word' id='word_1_180' title='bbox 1645 3368 1897 3445; x_wconf 87' lang='lat' dir='ltr'><strong>revolvantur:</strong></span> <span class='ocrx_word' id='word_1_181' title='bbox 1933 3372 2084 3472; x_wconf 87' lang='lat' dir='ltr'><strong>superfi-</strong></span> <span class='ocrx_word' id='word_1_182' title='bbox 2145 3372 2149 3385; x_wconf 81' lang='grc'>’</span> <span class='ocrx_word' id='word_1_183' title='bbox 2213 3412 2218 3421; x_wconf 91' lang='grc'>·</span> 
     </span>
     <span class='ocr_line' id='line_1_20' title="bbox 294 3494 2081 3614; baseline -0.004 -32"><span class='ocrx_word' id='word_1_184' title='bbox 294 3571 298 3585; x_wconf 92' lang='grc'><strong><em>,</em></strong></span> <span class='ocrx_word' id='word_1_185' title='bbox 432 3518 510 3614; x_wconf 66' lang='lat' dir='ltr'><strong>eles</strong></span> <span class='ocrx_word' id='word_1_186' title='bbox 527 3506 586 3585; x_wconf 90' lang='lat' dir='ltr'><strong>vel</strong></span> <span class='ocrx_word' id='word_1_187' title='bbox 607 3500 738 3585; x_wconf 82' lang='lat' dir='ltr'><strong>solida,</strong></span> <span class='ocrx_word' id='word_1_188' title='bbox 768 3495 950 3571; x_wconf 89' lang='lat' dir='ltr'><strong>rotatione</strong></span> <span class='ocrx_word' id='word_1_189' title='bbox 967 3496 1038 3569; x_wconf 90' lang='lat' dir='ltr'><strong>hac</strong></span> <span class='ocrx_word' id='word_1_190' title='bbox 1059 3494 1202 3589; x_wconf 88' lang='lat' dir='ltr'><strong>genita,</strong></span> <span class='ocrx_word' id='word_1_191' title='bbox 1229 3497 1321 3573; x_wconf 79' lang='lat' dir='ltr'><strong>funt</strong></span> <span class='ocrx_word' id='word_1_192' title='bbox 1340 3500 1435 3577; x_wconf 91' lang='lat' dir='ltr'><strong>inter</strong></span> <span class='ocrx_word' id='word_1_193' title='bbox 1458 3504 1492 3581; x_wconf 88' lang='lat' dir='ltr'><strong>ie</strong></span> <span class='ocrx_word' id='word_1_194' title='bbox 1514 3504 1552 3578; x_wconf 92' lang='lat' dir='ltr'><strong>in</strong></span> <span class='ocrx_word' id='word_1_195' title='bbox 1573 3502 1718 3577; x_wconf 83' lang='lat' dir='ltr'><strong>ratione·</strong></span> <span class='ocrx_word' id='word_1_196' title='bbox 1736 3506 1934 3604; x_wconf 81' lang='lat' dir='ltr'><strong>compotita</strong></span> <span class='ocrx_word' id='word_1_197' title='bbox 1954 3536 2004 3586; x_wconf 89' lang='lat' dir='ltr'><strong>ex</strong></span> <span class='ocrx_word' id='word_1_198' title='bbox 2021 3536 2081 3589; x_wconf 73' lang='lat' dir='ltr'><strong>ra.</strong></span> 
     </span>
     <span class='ocr_line' id='line_1_21' title="bbox 432 3632 2082 3745; baseline -0.004 -16"><span class='ocrx_word' id='word_1_199' title='bbox 432 3648 593 3729; x_wconf 88' lang='lat' dir='ltr'><strong>tionibus</strong></span> <span class='ocrx_word' id='word_1_200' title='bbox 614 3632 914 3739; x_wconf 86' lang='lat' dir='ltr'><strong>magnitudinum</strong></span> <span class='ocrx_word' id='word_1_201' title='bbox 932 3646 1044 3735; x_wconf 90' lang='lat' dir='ltr'><strong>atque</strong></span> <span class='ocrx_word' id='word_1_202' title='bbox 1060 3636 1437 3718; x_wconf 81' lang='lat' dir='ltr'><strong>circumferentiarum</strong></span> <span class='ocrx_word' id='word_1_203' title='bbox 1457 3668 1478 3721; x_wconf 90' lang='lat' dir='ltr'><strong>a</strong></span> <span class='ocrx_word' id='word_1_204' title='bbox 1493 3642 1624 3744; x_wconf 78' lang='lat' dir='ltr'><strong>punito</strong></span> <span class='ocrx_word' id='word_1_205' title='bbox 1641 3632 1828 3741; x_wconf 65' lang='lat' dir='ltr'><strong>quodam,</strong></span> <span class='ocrx_word' id='word_1_206' title='bbox 1841 3643 1949 3745; x_wconf 87' lang='lat' dir='ltr'><strong>cujus</strong></span> <span class='ocrx_word' id='word_1_207' title='bbox 1972 3646 2082 3743; x_wconf 81' lang='lat' dir='ltr'><strong>situm</strong></span> 
     </span>
     <span class='ocr_line' id='line_1_22' title="bbox 433 3774 1964 3887; baseline -0.012 -18"><span class='ocrx_word' id='word_1_208' title='bbox 433 3787 651 3887; x_wconf 86' lang='lat' dir='ltr'><strong>magnitudo</strong></span> <span class='ocrx_word' id='word_1_209' title='bbox 668 3778 830 3880; x_wconf 84' lang='lat' dir='ltr'><strong>genitrix</strong></span> <span class='ocrx_word' id='word_1_210' title='bbox 849 3778 1088 3872; x_wconf 79' lang='lat' dir='ltr'><strong>determinat,</strong></span> <span class='ocrx_word' id='word_1_211' title='bbox 1114 3774 1384 3875; x_wconf 83' lang='lat' dir='ltr'><strong>descriptarum.</strong></span> <span class='ocrx_word' id='word_1_212' title='bbox 1657 3774 1659 3783; x_wconf 84' lang='lat'>&#39;</span> <span class='ocrx_word' id='word_1_213' title='bbox 1962 3844 1964 3851; x_wconf 87' lang='grc'><em>,</em></span> 
     </span>
     <span class='ocr_line' id='line_1_23' title="bbox 364 3901 2395 4031; baseline -0.001 -26"><span class='ocrx_word' id='word_1_214' title='bbox 364 3902 374 3919; x_wconf 27' lang='lat' dir='ltr'>x</span> <span class='ocrx_word' id='word_1_215' title='bbox 482 3901 487 3909; x_wconf 38' lang='lat'><strong><em>¹</em></strong></span> <span class='ocrx_word' id='word_1_216' title='bbox 531 3928 628 4005; x_wconf 76' lang='lat' dir='ltr'><strong>Cum</strong></span> <span class='ocrx_word' id='word_1_217' title='bbox 652 3922 781 4019; x_wconf 89' lang='lat' dir='ltr'><strong>regula</strong></span> <span class='ocrx_word' id='word_1_218' title='bbox 801 3920 885 3995; x_wconf 87' lang='lat' dir='ltr'><strong>haec</strong></span> <span class='ocrx_word' id='word_1_219' title='bbox 909 3916 1255 3995; x_wconf 89' lang='lat' dir='ltr'><strong>determinationem</strong></span> <span class='ocrx_word' id='word_1_220' title='bbox 1276 3922 1491 4017; x_wconf 81' lang='lat' dir='ltr'><strong>capacitatis</strong></span> <span class='ocrx_word' id='word_1_221' title='bbox 1514 3923 1777 4025; x_wconf 84' lang='lat' dir='ltr'><strong>&amp;superficiei</strong></span> <span class='ocrx_word' id='word_1_222' title='bbox 1805 3924 2081 4031; x_wconf 82' lang='lat' dir='ltr'><strong>fclidprumro·</strong></span> <span class='ocrx_word' id='word_1_223' title='bbox 2223 3939 2227 3951; x_wconf 89' lang='lat'><strong><em>‘</em></strong></span> <span class='ocrx_word' id='word_1_224' title='bbox 2392 3965 2395 3973; x_wconf 66' lang='grc'><em>»</em></span> 
     </span>
     <span class='ocr_line' id='line_1_24' title="bbox 435 4037 2082 4171; baseline 0.004 -29"><span class='ocrx_word' id='word_1_225' title='bbox 435 4071 635 4149; x_wconf 78' lang='lat' dir='ltr'><strong>tundornm</strong></span> <span class='ocrx_word' id='word_1_226' title='bbox 666 4037 741 4166; x_wconf 84' lang='lat' dir='ltr'><strong>(de</strong></span> <span class='ocrx_word' id='word_1_227' title='bbox 768 4084 843 4163; x_wconf 88' lang='lat' dir='ltr'><strong>qua</strong></span> <span class='ocrx_word' id='word_1_228' title='bbox 869 4054 1225 4158; x_wconf 89' lang='lat' dir='ltr'><strong>duobus-postremis</strong></span> <span class='ocrx_word' id='word_1_229' title='bbox 1247 4060 1429 4157; x_wconf 78' lang='lat' dir='ltr'><strong>capitibus</strong></span> <span class='ocrx_word' id='word_1_230' title='bbox 1453 4064 1573 4143; x_wconf 78' lang='lat' dir='ltr'><strong>astum</strong></span> <span class='ocrx_word' id='word_1_231' title='bbox 1599 4066 1700 4161; x_wconf 92' lang='lat' dir='ltr'><strong>fuit)</strong></span> <span class='ocrx_word' id='word_1_232' title='bbox 1725 4062 1932 4155; x_wconf 67' lang='lat' dir='ltr'><strong>‘admodum</strong></span> <span class='ocrx_word' id='word_1_233' title='bbox 1955 4069 2082 4171; x_wconf 77' lang='lat' dir='ltr'><strong>juvet3</strong></span> 
     </span>
     <span class='ocr_line' id='line_1_25' title="bbox 438 4187 1551 4330; baseline -0.005 -41"><span class='ocrx_word' id='word_1_234' title='bbox 438 4238 460 4291; x_wconf 88' lang='lat' dir='ltr'><strong>e</strong></span> <span class='ocrx_word' id='word_1_235' title='bbox 485 4236 526 4287; x_wconf 90' lang='lat' dir='ltr'><strong>re</strong></span> <span class='ocrx_word' id='word_1_236' title='bbox 547 4208 616 4285; x_wconf 86' lang='lat' dir='ltr'><strong>elle</strong></span> <span class='ocrx_word' id='word_1_237' title='bbox 640 4202 783 4293; x_wconf 79' lang='lat' dir='ltr'><strong>censeo,</strong></span> <span class='ocrx_word' id='word_1_238' title='bbox 809 4187 1056 4330; x_wconf 77' lang='lat' dir='ltr'><strong>fundamenta</strong></span> <span class='ocrx_word' id='word_1_239' title='bbox 1066 4199 1149 4300; x_wconf 83' lang='lat' dir='ltr'><strong>ejus</strong></span> <span class='ocrx_word' id='word_1_240' title='bbox 1162 4199 1234 4276; x_wconf 90' lang='lat' dir='ltr'><strong>hoc</strong></span> <span class='ocrx_word' id='word_1_241' title='bbox 1255 4200 1337 4279; x_wconf 91' lang='lat' dir='ltr'><strong>loco</strong></span> <span class='ocrx_word' id='word_1_242' title='bbox 1357 4227 1551 4307; x_wconf 87' lang='lat' dir='ltr'><strong>exponere.</strong></span> 
     </span>
    </p>
   </div>
   <div class='ocr_carea' id='block_1_3' title="bbox 382 4382 2137 5171">
    <p class='ocr_par' dir='ltr' id='par_1_3' title="bbox 382 4382 2137 5067">
     <span class='ocr_line' id='line_1_26' title="bbox 382 4382 2083 4497; baseline 0.005 -34"><span class='ocrx_word' id='word_1_243' title='bbox 382 4479 389 4483; x_wconf 40' lang='grc'><strong>,</strong></span> <span class='ocrx_word' id='word_1_244' title='bbox 535 4391 575 4497; x_wconf 73' lang='lat'><strong>§,</strong></span> <span class='ocrx_word' id='word_1_245' title='bbox 606 4391 689 4484; x_wconf 78' lang='lat'>12&#39;5.</span> <span class='ocrx_word' id='word_1_246' title='bbox 736 4391 874 4463; x_wconf 79' lang='lat' dir='ltr'><strong>Lemma</strong></span> <span class='ocrx_word' id='word_1_247' title='bbox 923 4383 1010 4463; x_wconf 83' lang='lat' dir='ltr'><strong>Sint</strong></span> <span class='ocrx_word' id='word_1_248' title='bbox 1033 4382 1215 4483; x_wconf 85' lang='lat' dir='ltr'><strong>qubtlibet</strong></span> <span class='ocrx_word' id='word_1_249' title='bbox 1233 4384 1364 4484; x_wconf 74' lang='lat' dir='ltr'><strong>punita</strong></span> <span class='ocrx_word' id='word_1_250' title='bbox 1385 4388 1424 4464; x_wconf 91' lang='lat' dir='ltr'><strong>in</strong></span> <span class='ocrx_word' id='word_1_251' title='bbox 1443 4392 1574 4469; x_wconf 84' lang='lat' dir='ltr'><strong>eodem</strong></span> <span class='ocrx_word' id='word_1_252' title='bbox 1594 4392 1703 4493; x_wconf 91' lang='lat' dir='ltr'><strong>plano</strong></span> <span class='ocrx_word' id='word_1_253' title='bbox 1722 4388 1896 4494; x_wconf 86' lang='lat' dir='ltr'><strong>pcfrticne</strong></span> <span class='ocrx_word' id='word_1_254' title='bbox 1911 4394 2015 4484; x_wconf 86' lang='lat' dir='ltr'><strong>data,</strong></span> <span class='ocrx_word' id='word_1_255' title='bbox 2040 4394 2083 4477; x_wconf 72' lang='lat' dir='ltr'><strong>aa</strong></span> 
     </span>
     <span class='ocr_line' id='line_1_27' title="bbox 440 4526 2083 4632; baseline -0.001 -17"><span class='ocrx_word' id='word_1_256' title='bbox 440 4539 509 4615; x_wconf 90' lang='lat' dir='ltr'><strong>fmt</strong></span> <span class='ocrx_word' id='word_1_257' title='bbox 531 4534 690 4613; x_wconf 90' lang='lat' dir='ltr'><strong>totidem</strong></span> <span class='ocrx_word' id='word_1_258' title='bbox 705 4529 812 4607; x_wconf 81' lang='lat' dir='ltr'><strong>retiae</strong></span> <span class='ocrx_word' id='word_1_259' title='bbox 833 4528 1090 4625; x_wconf 84' lang='lat' dir='ltr'><strong>magnitudine</strong></span> <span class='ocrx_word' id='word_1_260' title='bbox 1112 4528 1221 4604; x_wconf 81' lang='lat' dir='ltr'><strong>datae.</strong></span> <span class='ocrx_word' id='word_1_261' title='bbox 1280 4526 1340 4603; x_wconf 87' lang='lat' dir='ltr'><strong>Ex</strong></span> <span class='ocrx_word' id='word_1_262' title='bbox 1364 4532 1534 4609; x_wconf 86' lang='lat' dir='ltr'><strong>omnibus</strong></span> <span class='ocrx_word' id='word_1_263' title='bbox 1556 4534 1697 4632; x_wconf 74' lang='lat' dir='ltr'><strong>punitis</strong></span> <span class='ocrx_word' id='word_1_264' title='bbox 1723 4532 1821 4609; x_wconf 85' lang='lat' dir='ltr'><strong>datia</strong></span> <span class='ocrx_word' id='word_1_265' title='bbox 1838 4530 2083 4631; x_wconf 77' lang='lat' dir='ltr'><strong>demittantur</strong></span> 
     </span>
     <span class='ocr_line' id='line_1_28' title="bbox 439 4666 2137 4781; baseline -0.005 -30"><span class='ocrx_word' id='word_1_266' title='bbox 439 4678 481 4751; x_wconf 89' lang='lat' dir='ltr'><strong>in</strong></span> <span class='ocrx_word' id='word_1_267' title='bbox 505 4676 641 4751; x_wconf 81' lang='lat' dir='ltr'><strong>retiam</strong></span> <span class='ocrx_word' id='word_1_268' title='bbox 669 4671 872 4774; x_wconf 84' lang='lat' dir='ltr'><strong>quamlibet</strong></span> <span class='ocrx_word' id='word_1_269' title='bbox 896 4672 936 4781; x_wconf 86' lang='lat' dir='ltr'><strong>in</strong></span> <span class='ocrx_word' id='word_1_270' title='bbox 961 4671 1094 4746; x_wconf 90' lang='lat' dir='ltr'><strong>eodem</strong></span> <span class='ocrx_word' id='word_1_271' title='bbox 1117 4668 1226 4767; x_wconf 87' lang='lat' dir='ltr'><strong>plano</strong></span> <span class='ocrx_word' id='word_1_272' title='bbox 1252 4666 1358 4745; x_wconf 86' lang='lat' dir='ltr'><strong>fitam</strong></span> <span class='ocrx_word' id='word_1_273' title='bbox 1382 4672 1489 4748; x_wconf 81' lang='lat' dir='ltr'><strong>retiae</strong></span> <span class='ocrx_word' id='word_1_274' title='bbox 1511 4672 1837 4773; x_wconf 56' lang='lat' dir='ltr'><strong>perpendiculares,</strong></span> <span class='ocrx_word' id='word_1_275' title='bbox 1905 4674 2084 4754; x_wconf 88' lang='lat' dir='ltr'><strong>Sumatur</strong></span> <span class='ocrx_word' id='word_1_276' title='bbox 2123 4712 2137 4749; x_wconf 56' lang='lat' dir='ltr'><strong>,i</strong></span> 
     </span>
     <span class='ocr_line' id='line_1_29' title="bbox 440 4810 2083 4914; baseline 0.003 -24"><span class='ocrx_word' id='word_1_277' title='bbox 440 4816 581 4894; x_wconf 87' lang='lat' dir='ltr'><strong>summa</strong></span> <span class='ocrx_word' id='word_1_278' title='bbox 600 4812 894 4910; x_wconf 81' lang='lat' dir='ltr'><strong>refiangulorom</strong></span> <span class='ocrx_word' id='word_1_279' title='bbox 918 4810 1095 4889; x_wconf 74' lang='lat' dir='ltr'><strong>fastorum</strong></span> <span class='ocrx_word' id='word_1_280' title='bbox 1118 4832 1166 4884; x_wconf 88' lang='lat' dir='ltr'><strong>ex</strong></span> <span class='ocrx_word' id='word_1_281' title='bbox 1191 4810 1251 4885; x_wconf 88' lang='lat' dir='ltr'><strong>his</strong></span> <span class='ocrx_word' id='word_1_282' title='bbox 1269 4810 1537 4910; x_wconf 86' lang='lat' dir='ltr'><strong>perpendiculis</strong></span> <span class='ocrx_word' id='word_1_283' title='bbox 1564 4811 1604 4893; x_wconf 78' lang='lat' dir='ltr'><strong>dt</strong></span> <span class='ocrx_word' id='word_1_284' title='bbox 1628 4834 1676 4888; x_wconf 83' lang='lat' dir='ltr'><strong>ex</strong></span> <span class='ocrx_word' id='word_1_285' title='bbox 1698 4812 1804 4890; x_wconf 72' lang='lat' dir='ltr'><strong>linds</strong></span> <span class='ocrx_word' id='word_1_286' title='bbox 1828 4818 2083 4914; x_wconf 87' lang='lat' dir='ltr'><strong>magnitudine</strong></span> 
     </span>
     <span class='ocr_line' id='line_1_30' title="bbox 444 4928 2101 5067; baseline 0.001 -35"><span class='ocrx_word' id='word_1_287' title='bbox 444 4956 539 5033; x_wconf 86' lang='lat' dir='ltr'><strong>datis</strong></span> <span class='ocrx_word' id='word_1_288' title='bbox 563 4954 767 5067; x_wconf 78' lang='lat' dir='ltr'><strong>respetiive.</strong></span> <span class='ocrx_word' id='word_1_289' title='bbox 826 4951 952 5061; x_wconf 75' lang='lat' dir='ltr'><strong>Dicot.</strong></span> <span class='ocrx_word' id='word_1_290' title='bbox 971 4953 1050 5029; x_wconf 88' lang='lat' dir='ltr'><strong>dari</strong></span> <span class='ocrx_word' id='word_1_291' title='bbox 1071 4954 1111 5031; x_wconf 89' lang='lat' dir='ltr'><strong>in</strong></span> <span class='ocrx_word' id='word_1_292' title='bbox 1134 4954 1266 5032; x_wconf 85' lang='lat' dir='ltr'><strong>ecdem</strong></span> <span class='ocrx_word' id='word_1_293' title='bbox 1290 4950 1399 5050; x_wconf 89' lang='lat' dir='ltr'><strong>plano</strong></span> <span class='ocrx_word' id='word_1_294' title='bbox 1421 4952 1610 5053; x_wconf 75' lang='lat' dir='ltr'><strong>punitum,</strong></span> <span class='ocrx_word' id='word_1_295' title='bbox 1648 4976 1697 5030; x_wconf 89' lang='lat' dir='ltr'><strong>ex</strong></span> <span class='ocrx_word' id='word_1_296' title='bbox 1722 4976 1794 5053; x_wconf 89' lang='lat' dir='ltr'><strong>quc</strong></span> <span class='ocrx_word' id='word_1_297' title='bbox 1817 4954 1843 5031; x_wconf 87' lang='lat' dir='ltr'>fi</span> <span class='ocrx_word' id='word_1_298' title='bbox 1865 4957 1906 5033; x_wconf 91' lang='lat' dir='ltr'><strong>in</strong></span> <span class='ocrx_word' id='word_1_299' title='bbox 1926 4928 2101 5034; x_wconf 81' lang='lat' dir='ltr'><strong>eandem¹</strong></span> 
     </span>
    </p>

    <p class='ocr_par' dir='ltr' id='par_1_4' title="bbox 479 5083 2084 5171">
     <span class='ocr_line' id='line_1_31' title="bbox 479 5083 2084 5171; baseline 0.005 -8"><span class='ocrx_word' id='word_1_300' title='bbox 479 5120 486 5130; x_wconf 92' lang='lat'><strong>·</strong></span> <span class='ocrx_word' id='word_1_301' title='bbox 1107 5083 1129 5163; x_wconf 57' lang='grc' dir='ltr'><em>ἓ</em></span> <span class='ocrx_word' id='word_1_302' title='bbox 1261 5090 1345 5169; x_wconf 87' lang='lat' dir='ltr'><strong>Aa</strong></span> <span class='ocrx_word' id='word_1_303' title='bbox 1591 5086 1593 5093; x_wconf 74' lang='grc'>’</span> <span class='ocrx_word' id='word_1_304' title='bbox 1949 5094 2084 5171; x_wconf 82' lang='lat' dir='ltr'><strong>retiam</strong></span> 
     </span>
    </p>
   </div>
   <div class='ocr_carea' id='block_1_4' title="bbox 0 0 2687 6292">
    <p class='ocr_par' dir='ltr' id='par_1_5' title="bbox 0 0 2687 6292">
     <span class='ocr_line' id='line_1_32' title="bbox 0 0 2687 6292; baseline 0 0"><span class='ocrx_word' id='word_1_305' title='bbox 0 0 2687 6292; x_wconf 95' lang='lat' dir='ltr'><strong> </strong></span> 
     </span>
    </p>
   </div>
  </div>
 </body>
</html>
