5325 6300
569 646 595 721 8
656 643 666 659 .

533 884 538 896 ,
673 806 862 889 81111111
884 806 1100 909 pyramides
1119 830 1229 907 aeque
1251 804 1356 891 altae,
1387 824 1542 905 munim
1565 802 1668 882 bases
1689 804 1728 881 iii
1753 806 2033 911 cadempleno,
2071 812 2113 891 dt
2143 834 2228 915 quie

540 1052 546 1059 Ι
572 954 653 1035 fitae
675 952 745 1032 sint
764 954 815 1030 ad
834 954 986 1031 uadem
1008 963 1132 1053 partes
1157 945 1271 1044 liujus
1302 944 1412 1044 plani.
1480 942 1655 1021 Altitudo
1681 952 1888 1025 communis
1910 952 2042 1029 herinii
2065 960 2231 1054 pyrami.

573 1099 667 1176 dum
694 1094 839 1173 secetur
874 1096 916 1172 in
953 1106 1189 1195 quotminquc
1217 1098 1343 1188 partes
1373 1086 1559 1184 aeqiraler:
1602 1110 1667 1187 per
1693 1086 1825 1186 punsla
1853 1090 2036 1169 dimonis
2069 1110 2231 1195 agantur

573 1237 686 1339 piam
708 1236 784 1315 basi
804 1237 993 1337 parallela;
1027 1235 1066 1313 dr
1087 1234 1235 1331 utrique
1254 1226 1440 1329 pyramidi
1463 1227 1704 1305 inscribantur
1728 1228 1766 1307 di
1784 1230 2120 1315 circinnscribantur
2138 1242 2231 1341 pris.

575 1391 701 1468 mata,
724 1379 773 1460 iid
787 1400 955 1457 normam
968 1396 1121 1463 eorum,
1145 1392 1230 1472 quae
1253 1370 1300 1447 de
1321 1366 1673 1469 parallelogrammis
1691 1370 1870 1471 inscriptis
1889 1373 1928 1451 di
1949 1376 2229 1481 circumscriptis

575 1513 618 1620 9
643 1544 674 1595 1.
699 1516 769 1597 Ex.
788 1544 823 1617 3.
848 1518 942 1598 dida
968 1516 1132 1595 bierunt.
1173 1618 1179 1629 ι
1209 1512 1376 1611 Utraque
1406 1513 1570 1611 pyramis
1599 1512 1707 1589 limes
1741 1510 1793 1589 cll
1819 1512 2042 1595 summarum
2075 1520 2234 1599 crescen-

575 1658 675 1733 tium
698 1672 765 1733 aut
791 1658 1077 1737 decrescentium
1096 1658 1332 1755 prisiiiatum,
1358 1674 1441 1751 quae
1465 1650 1530 1753 ipsi
1553 1652 1797 1729 inscribuntur
1816 1654 1855 1732 dr
1876 1658 2237 1740 circimstiibuntur.

577 1795 739 1893 Prcipde
766 1798 1030 1889 demonstrato,
1058 1796 1250 1899 madidas
1268 1794 1489 1893 primatum
1515 1792 1876 1894 correspondentium
1892 1796 2050 1875 summas
2073 1802 2172 1877 inter
2200 1802 2238 1876 se

577 1937 652 2015 elle
672 1938 715 2015 in
736 1940 989 2039 rationeldata
1005 1936 1145 2019 basium
1159 1934 1414 2039 pyramidum
1447 1934 1574 2015 licebit
1597 1936 1836 2015 concludere:
1869 1938 2051 2015 rationem
2074 1936 2237 2017 binnan

579 2078 716 2158 barum
732 2082 972 2172 summarum,
1004 2080 1067 2157 seu
1087 2078 1244 2181 ipsarum
1261 2078 1518 2179 pyramidum,
1543 2080 1725 2181 aequalem
1749 2078 1819 2155 elle
1841 2076 1963 2155 eidem
1984 2078 2118 2155 rationi
2139 2080 2238 2159 datae

529 2243 533 2251 ·
580 2218 733 2301 basium.

680 2364 824 2441 Eodem
850 2368 963 2443 modo
985 2364 1268 2449 demonstratur:
1300 2372 1382 2443 tim
1407 2360 1595 2457 cylindros
1622 2384 1733 2459 quain
1765 2386 1878 2441 conos
1909 2362 2144 2463 aequb-altos
2169 2360 2239 2439 ell'c

582 2504 683 2583 inter
699 2506 737 2581 se
750 2480 813 2583 'uti
831 2506 952 2585 bases:
976 2504 1190 2583 cuiu'solida
1211 2506 1295 2584 haec
1309 2504 1449 2583 limites
1469 2504 1540 2583 fint
1562 2502 1781 2604 prismatuni
1804 2521 1871 2587 aut
1885 2508 2138 2613 pyramidum,
2155 2528 2240 2607 quae

584 2644 671 2747 ipsis
684 2647 928 2727 inscribuntur
951 2646 991 2727 dc
1010 2646 1364 2727 circumscribuntur.

684 2791 786 2868 Hinc
809 2792 922 2867 etiam
946 2788 973 2867 si
995 2788 1163 2891 cylindcr
1183 2788 1224 2871 dt
1242 2814 1357 2877 conus
1386 2794 1494 2895 aequs
1520 2790 1587 2871 alti
1607 2794 1730 2871 eidem
1753 2792 1827 2867 basi
1854 2790 2040 2865 bisistant:
2076 2784 2242 2877 cylindei

551 3002 554 3007 .
696 2937 709 3013 i
733 2936 792 3011 lus
816 2934 909 3011 coni

584 2934 638 3014 ⁶st
660 2945 787 3153 triiiuc
803 3073 926 3152 nulus
950 3073 1156 3178 superficies
1178 3082 1258 3151 tam
1277 3062 1528 3164 cylindrorum
1557 3082 1670 3160 quam
1697 3084 1873 3139 concrum
1902 3062 2072 3141 similium
2097 3060 2240 3139 suntin

584 3219 771 3320 duplicata
791 3219 933 3296 ratione
953 3220 1219 3304 diinenfionuin
1240 3213 1386 3291 suarum
1402 3203 1701 3358 homoloparuni·
1734 3205 1934 3286 soliditates
1958 3217 2085 3284 autem
2115 3205 2154 3283 in
2179 3227 2239 3280 ea

585 3363 675 3442 dem
690 3363 831 3441 ratione
850 3364 1050 3466 triplicata.

685 3505 784 3582 Hinc
802 3507 954 3584 tandem
977 3505 1099 3582 fluunt
1117 3513 1306 3596 nunquam
1328 3485 1414 3564 11113
1434 3483 1585 3562 laudata
1599 3417 1862 3572 &camois
1884 3493 2038 3572 inventa
2054 3493 2101 3572 dc
2118 3435 2240 3594 super

586 3645 671 3727 ficie
687 3645 727 3726 dr
744 3643 925 3727 soliditate
940 3644 1173 3739 sphaerarum.

685 3793 805 3884 Super
846 3785 1027 3855 diametro
1068 3773 1195 3850 circuli
1236 3781 1415 3870 tanquam
1459 3793 1530 3848 aire
1573 3769 1798 3848 describatur
1839 3773 1970 3873 ellipsis
2002 3793 2242 3874 quaecunque.

586 3933 778 4010 Diameter
799 3923 882 3998 haec
904 3916 1045 3992 secetur
1063 3914 1104 3991 in
1123 3927 1249 4016 partes
1269 3927 1506 4018 quotcunque
1527 3913 1708 4013 aequalem
1744 3911 1783 3992 dc
1808 3915 1956 4013 utrique
1974 3915 2103 4012 figurae
2122 3911 2244 3990 inseri*

588 4071 724 4145 bantur
751 4062 791 4139 dc
818 4057 1157 4136 circumscribantur
1181 4060 1393 4158 restaogula
1415 4057 1464 4133 ad
1489 4077 1657 4132 normam
1683 4077 1830 4145 eorum,
1883 4078 1967 4156 quae
1993 4053 2032 4160 §.
2056 4083 2087 4134 1.
2112 4055 2182 4134 Ex.
2209 4077 2244 4148 3.

589 4204 791 4285 construite
817 4201 979 4278 suerum„
1048 4200 1217 4279 Circulus
1249 4200 1289 4277 dc
1317 4199 1450 4300 ellipsis
1476 4201 1615 4276 limites
1639 4195 1839 4296 :respective
1874 4197 1957 4274 sunt
1985 4212 2062 4277 tam
2091 4197 2247 4273 sumina·

588 4370 673 4426 rum
697 4341 938 4420 crescentium
965 4343 1409 4442 parallelogrammorum,
1426 4315 1528 4442 'quae
1549 4337 1632 4442 ipsis
1657 4338 1920 4430 inscribuntur,
1959 4362 2069 4440 quam
2092 4336 2247 4412 summa·

587 4511 673 4602 rum
704 4482 993 4563 decrescentium
1023 4485 1470 4585 parallelogrammorum,
1508 4479 1708 4584 quaeipsis
1743 4444 2092 4559 circumscribuntur.
2167 4467 2247 4548 Sed

588 4596 741 4710 summae
762 4626 1060 4724 retrangdomm
1082 4625 1219 4706 circulo
1242 4626 1282 4704 dt
1311 4624 1425 4726 ellipli
1441 4623 1697 4728 inscriptorum
1716 4637 1783 4700 aut
1800 4623 2148 4718 circumscriptorum
2164 4611 2247 4688 sunt
2396 4645 2399 4659 ·

589 4773 688 4856 inter
701 4770 768 4889 se
756 4793 796 4846 in
811 4770 952 4845 ratione
968 4769 1147 4847 constanti
1162 4771 1294 4872 prioris
1310 4770 1392 4846 axis
1417 4766 1549 4869 ellipsis
1574 4768 1622 4844 ad
1645 4791 1757 4847 axem
1784 4765 1819 4844 ei
1835 4765 2084 4866 conjugatum
2147 4753 2251 4850 Ergo

588 4915 706 4992 etiam
731 4882 891 4991 circulus
909 4910 949 4988 dr
973 4911 1159 5046 ellipsis
1128 4912 1240 4990 sunt
1230 4926 1327 4990 inter
1351 4913 1386 4992 se
1403 4913 1597 5024 iuratione
1626 4910 1714 4987 data
1734 4909 1868 4987 horuni
1889 4905 2028 4982 axium.

685 5053 864 5135 Similiter
887 5053 1114 5152 comparatio
1145 5028 1347 5134 instituitur
1371 5053 1523 5157 ipiiaerae
1548 5051 1587 5131 dt
1610 5049 1822 5153 ellipsoidis,
1861 5043 2043 5124 rotatione
2065 5033 2255 5250 circulis&

1519 5237 1521 5240 -
1932 5219 1941 5228 ·
2120 5175 2205 5277 ellip
2220 5195 2253 5250 is
