5325 6300
518 316 558 422 p
584 342 666 399 aaa.
717 318 895 417 Rigorem
909 314 1014 396 hunc
1030 313 1070 394 in
1085 312 1242 393 mathesi
1264 321 1356 417 pu'ra
1380 316 1531 396 omnino
1545 318 1797 413 necesarium,
1820 326 1933 423 atque
1956 344 2076 401 unum

408 476 470 540 ex
495 466 649 564 propriis
673 462 783 564 ipsius
811 444 1080 539 chamiieribus
1106 452 1413 554 coristituent’em,
1444 462 1707 565 applicationes
1732 462 1887 563 eiusad
1912 462 2073 565 objetta,

419 630 576 707 quorum
600 606 763 703 cognitio
783 607 828 684 ab
848 603 1014 681 sensuum
1036 598 1245 678 testimonio
1258 606 1396 704 pendet
1429 604 1529 703 (sive
1554 606 1602 681 ad
1621 616 1725 680 artes
1745 606 1972 705 pertineant,
1999 608 2073 688 save

418 751 467 825 ad
484 747 693 844 scientias),
718 772 793 828 nou
811 747 927 825 solum
948 762 1024 823 non
1042 747 1220 843 exigunt;
1251 744 1314 823 sed
1339 746 1378 825 dr
1396 746 1668 827 affedationem
1683 748 1782 825 illius
1803 761 1846 827 ut
1863 748 2074 850 supervaca-

412 914 541 981 neam,
566 892 656 991 quin
673 892 767 994 saepe
784 894 937 969 noxiam
953 888 1137 989 respuunt.
1153 889 1213 991 (a)
1262 890 1458 969 Certitudo
1472 890 1735 969 mathematica
1750 892 1796 971 ab
1815 894 2073 974 constitutione
2216 974 2220 979 .

414 1055 640 1129 organorum
655 1035 859 1115 nostrorum
882 1034 1136 1134 independens
1160 1035 1272 1113 debet
1293 1034 1364 1112 eise
1385 1033 1569 1113 absoluta:
1607 1036 1809 1132 cognitioni
1827 1038 1958 1120 nostrae
1976 1040 2074 1141 phy·
2155 1062 2160 1071 ’

402 1172 515 1261 ·slcae,
539 1179 587 1254 ab
604 1180 728 1257 indole
744 1180 912 1259 sensuum
925 1176 1129 1255 nostrorum
1146 1177 1342 1276 pendenti,
1373 1176 1514 1279 lempe'r
1529 1177 1668 1275 aliquid
1687 1180 1780 1256 labis
1797 1182 2002 1261 adhaerebit
2024 1182 2070 1283 ab

405 1315 681 1416 impersetiione
703 1342 927 1424 organorum
954 1317 1176 1408 nostrorum,
1212 1329 1402 1419 utcunque
1432 1318 1744 1411 exercitatorum,
1778 1322 1818 1402 dt
1850 1344 2071 1423 quacunque
2096 1412 2098 1417 ,

406 1472 489 1535 arte
519 1462 745 1563 adjutorum.
812 1464 1106 1547 Translationem
1132 1459 1411 1543 abstraenmm
1441 1462 1791 1543 mathematicorum
1823 1466 1873 1542 ad
1899 1464 2069 1543 scientias

400 1600 574 1700 ph‘ysrcas
591 1608 725 1687 harum
748 1608 947 1711 progressui
970 1603 1116 1686 officere
1140 1604 1238 1705 polle
1262 1605 1492 1706 experientia
1509 1604 1685 1687 testatur:
1711 1610 1811 1710 quod
1830 1606 2068 1709 comproban-

405 1748 501 1823 tium
522 1753 776 1851 exemplorum
797 1778 914 1854 pauca
928 1752 1150 1829 exstantiora
1166 1748 1372 1863 recensebo.

504 1892 636 1979 Quoad
662 1896 888 1991 objettorum
913 1908 1061 1973 tantum
1084 1895 1308 1973 terrestrium
1333 1889 1375 1971 dt
1403 1892 1502 1967 lunae
1531 1891 1712 1971 distantiae
1742 1894 1791 1971 ad
1818 1892 2067 1989 indagandam

404 2028 643 2115 velocitatem
670 2039 765 2115 lucis
786 2040 1046 2143 suppetebant;
1082 2040 1320 2117 determinari
1345 2035 1446 2113 haud
1467 2035 1590 2135 potuit
1609 2046 1776 2137 tempus,
1811 2058 1886 2133 quo
1911 2034 1977 2109 lux
2000 2034 2065 2109 da·

398 2182 486 2247 tum
510 2174 667 2275 spatium
688 2183 874 2261 emetitur.
933 2184 1043 2263 Unde
1063 2186 1205 2287 judicio
1225 2180 1407 2283 praecipiti
1427 2177 1572 2255 illatum
1593 2177 1683 2267 suit,
1707 2176 1830 2253 lucem
1853 2174 1966 2276 spatio
1987 2175 2064 2250 cui·

324 2354 328 2361 -
403 2332 549 2413 cunque
572 2323 787 2401 emetiendo
807 2326 951 2404 nullum
974 2329 1189 2427 impendere
1213 2294 1381 2423 tempus3
1416 2320 1595 2397 velocitas
1618 2318 1701 2419 ejus
1726 2316 1968 2420 pronunciata
1989 2314 2063 2391 suit

401 2451 566 2532 infinita:
599 2464 865 2558 explicationes
884 2468 969 2544 fatti
994 2470 1109 2565 hujus
1127 2469 1230 2543 nullo
1246 2464 1408 2541 vellicati
1426 2462 1540 2539 dubio
1559 2462 1708 2541 traditae
1724 2462 1894 2552 fuerunt;
1927 2457 2061 2557 quihus

400 2595 606 2666 etiamnum
626 2598 880 2691 adstipulaturi
895 2600 1069 2682 essemus,
1093 2594 1160 2671 nisi
1184 2598 1454 2672 observationes
1472 2604 1511 2670 in
1526 2602 1737 2694 corporibus
1758 2603 1870 2691 longe
1887 2598 2063 2675 remotio-
2176 2638 2189 2645 -

399 2729 502 2807 ribus
521 2725 848 2811 institutae'falsum
869 2730 963 2818 effe,
984 2733 1085 2826 quod
1104 2731 1365 2829 explicandum
1385 2730 1614 2819 sumebatur,
1642 2733 1857 2809 docuissent
1895 2738 1900 2747 '

500 2858 561 2948 Ex
580 2886 783 2973 apparente
803 2872 1044 2950 diretlionum
1062 2874 1231 2971 gravium
1255 2892 1387 2970 parum
1406 2871 1568 2947 invicem
1589 2868 1801 2951 distantium
1816 2876 2063 2972 parallelismo

394 3012 603 3114 superficies
625 3012 769 3091 telluris
791 3018 856 3093 diu
872 3013 980 3117 plana
997 3017 1069 3103 fuit
1090 2995 1275 3113 judicata:
1312 3010 1361 3087 ad
1383 3010 1653 3088 rotunditatem
1676 3024 1786 3091 terrae
1809 3010 2060 3097 stabiliendam

394 3159 489 3236 alius
506 3161 654 3257 generis
671 3156 1199 3258 observationibusopusfuit,
1222 3175 1307 3254 quae
1321 3152 1618 3260 philosophorum
1637 3155 1764 3234 oculos
1777 3158 1889 3236 serius
1906 3161 2058 3242 demum

387 3269 635 3404 perculerunt.

405 3428 411 3440 ’
491 3445 554 3523 Ex
578 3441 729 3522 senfibili
751 3443 958 3543 ponderum
983 3465 1177 3546 corporum
1200 3445 1249 3522 ad
1272 3441 1461 3520 distantias
1482 3463 1613 3544 parum
1636 3443 1795 3524 diversas
1820 3469 1843 3523 a
1867 3445 2055 3548 superficie

305 3638 312 3642 -
394 3588 539 3668 telluris
570 3586 783 3685 aequalitate
811 3583 878 3662 diu
906 3586 1034 3666 inferri
1064 3587 1251 3666 consuevit
1279 3587 1473 3688 aequalitas
1509 3586 1659 3664 allionis
1693 3588 1811 3667 causae
1839 3589 2053 3689 gravitatis:
2138 3579 2142 3588 ’

394 3733 514 3810 donec
529 3727 680 3832 physica
703 3728 864 3806 exatiior
882 3729 1080 3809 testimonii
1100 3731 1267 3809 sensuum
1288 3731 1529 3811 aestimatione
1554 3729 1770 3805 accuratiori
1789 3729 1829 3808 dc
1845 3732 2054 3840 discuffione

392 3875 723 3977 phaenomenorum
744 3871 959 3952 immediate
975 3874 1049 3953 illis
1069 3874 1171 3955 baud
1188 3877 1380 3960 obviorum
1404 3872 1614 3976 opinionem
1636 3871 1732 3950 hanc
1748 3871 1896 3951 delevit.

432 4183 492 4271 (a)
511 4139 815 4252 nammverfiones
830 4181 865 4248 in
879 4143 1122 4271 applicationem
1135 4188 1311 4259 matheseos
1326 4187 1366 4254 ad
1383 4184 1543 4274 pbyficam
1560 4183 1671 4271 Capite
1690 4187 1755 4252 hoc
1774 4187 1913 4263 traditae,
1935 4191 2052 4272 pariter

513 4311 551 4355 ac
568 4287 777 4356 deduffloner
795 4289 949 4374 expofitae
974 4294 1084 4382 Capite
1100 4295 1173 4362 XII,
1190 4295 1423 4365 Differmtionis
1441 4311 1541 4358 meae:
1576 4285 1784 4376 Expvfiiiffl
1807 4287 1867 4356 ds*
1884 4290 2052 4376 W

514 4393 577 4462 das
590 4393 716 4462 calcula
728 4391 932 4482 superinos,
961 4403 1146 4470 conformes
1161 4403 1234 4470 sont
1247 4399 1422 4480 dodrinis,
1450 4417 1525 4483 quas
1544 4415 1588 4462 ex
1604 4415 1662 4460 ore
1683 4393 1758 4461 Dni.
1776 4393 1932 4464 LaSaoa
1947 4395 2050 4473 lrauii,

515 4519 581 4616 qpo
592 4511 737 4673 ppmpore
751 4500 852 4568 studia
862 4523 934 4572 mea
945 4505 1161 4596 philosophica
1172 4507 1208 4598 dr
1220 4504 1440 4600 mathematica
1455 4499 1571 4572 affeetu
1583 4509 1717 4588 paterno
1730 4501 1869 4588 regebat
1888 4499 1963 4570 Vid.
1973 4499 2050 4570 Did.

518 4611 576 4671 cat,
629 4615 684 4672 ota
702 4626 734 4691 p.
751 4625 822 4676 210.
1434 4689 1440 4704 ⁸

1226 4705 1258 4786 T
1281 4715 1301 4784 t

2116 5265 2130 5291 Ι

2058 5466 2064 5488 i
