5325 6300
1125 794 1289 873 Coeus
1342 790 1590 869 Tourrurn.

1060 978 1122 1063 De
1150 977 1376 1063 theoremate
1410 976 1654 1091 Toysoriorro.

1306 1166 1347 1271 §-
1377 1192 1435 1264 30·

547 1272 861 1443 Tlieoremate,
886 1309 985 1408 quod
1003 1308 1266 1405 Toylorianum
1281 1311 1435 1400 dicitur,
1470 1310 1556 1387 data
1581 1304 1787 1385 mutatione
1806 1302 2024 1401 quantitatis
2041 1306 2198 1383 mutabi-

549 1457 616 1546 tis,
638 1456 903 1533 determinatur
917 1452 1095 1543 mutatio,
1121 1476 1231 1551 quam
1253 1453 1421 1551 ejusdem
1444 1449 1659 1552 quantitatis
1675 1444 1863 1523 mutabitis
1879 1443 2014 1521 sunitio
2029 1470 2203 1545 quaecun-

549 1620 623 1695 que
644 1597 784 1695 recipit.
2100 1698 2106 1713 ι

650 1738 858 1813 Theorema
877 1734 950 1809 hoe
968 1742 1047 1814 tam
1072 1739 1286 1841 muitiplicis
1306 1738 1358 1816 est
1379 1740 1418 1815 in
1440 1738 1579 1815 calculo
1598 1733 1831 1811 differentiaii
1851 1730 1888 1809 dc
1908 1730 2078 1827 integrali
2100 1732 2204 1821 usus,

549 1892 598 1957 ut
618 1889 788 1955 accurate
815 1868 1010 1977 explicari,
1039 1882 1078 1957 dc
1098 1905 1171 1979 quo
1194 1906 1260 1983 par
1281 1881 1334 1959 est
1352 1883 1491 1979 rigore,
1524 1876 1759 1957 demonstrari
1785 1886 1982 1951 mereatur.
2047 1870 2208 1951 Tarson

555 2021 865 2121 (Mathematicus
877 2020 1046 2121 Anglus)
1071 2022 1162 2099 illud
1181 2026 1348 2125 exposuit
1366 2026 1406 2101 in
1425 2044 1534 2123 opere
1555 2020 1616 2097 suo
1637 2018 1824 2117 inscripto:
1850 2018 2019 2089 Metiodus
2041 2018 2212 2092 intremere*

555 2164 789 2237 toromoireoto
804 2164 853 2240 θ’
871 2158 994 2260 interfit
1017 2165 1319 2267 (Lond.1715.);
1344 2168 1405 2243 sed
1426 2190 1473 2243 ex
1494 2166 1650 2241 formula
1674 2156 1733 2263 (ᾗ.
1751 2186 1788 2255 p.
1817 2156 1958 2255 torreo.)

606 2336 1027 2497 eadwlf-ove
1057 2332 1425 2503 }·fflss³³²¹'·⁴s”'f·
1461 2331 1846 2523 ....l”33.²o³t’÷
1892 2398 1902 2419 ·
1952 2404 1962 2423 .
2015 2406 2026 2427 .
2077 2409 2088 2427 .
2132 2334 2213 2434 ἱ.

1021 2558 1111 2618 mox
1139 2543 1306 2641 (m·1)dx
1330 2552 1468 2674 ΨΑ
1496 2560 1581 2619 mdx
1610 2549 1778 2649 (moder¹
1813 2546 1980 2635 (rr-mox
2009 2542 2093 2620 o³t²

1121 2648 1300 2667 ...ι-
1508 2638 2087 2677 -,---·ιιι“-ι-ᾑ,-ιι-

1057 2686 1073 2735 1
1208 2687 1232 2739 2
1312 2656 1407 2735 ’Δκ3
2006 2666 2080 2735 Ax³
2150 2648 2217 2675 ’ω

563 2787 734 2885 consequi
753 2796 899 2861 tantum
925 2780 1113 2855 indicavit·
1165 2780 1336 2879 Plerique
1357 2786 1433 2883 post
1455 2694 1559 2865 illum
1579 2696 1726 2865 autorzs
1749 2690 1956 2880 supplengdae
1984 2781 2073 2851 huic
2100 2784 2218 2857 dedu-

564 2926 674 3005 ttioni
699 2927 822 3003 ideam
841 2918 977 2997 infiniti
997 2918 1264 3008 adhibuerunt,
1290 2945 1402 3016 quam
1420 2925 1491 2997 hoc
1507 2947 1616 3021 opere
1633 2924 1780 3021 penitus
1801 2920 1989 2995 eliminare
2008 2916 2139 2997 studui.

665 3069 708 3143 ln
732 3061 1001 3181 D'tffettatione¹
1016 3058 1203 3162 inscripta:
1234 3062 1423 3158 Exprrſstion
1446 3062 1638 3135 elementoirr
1665 3068 1718 3136 der
1738 3067 1896 3158 principes
1918 3070 1971 3135 des
1998 3062 2107 3135 coscuis
2149 3088 2224 3160 ope-

567 3210 693 3298 rirem,
717 3204 957 3296 theorematis
978 3201 1092 3300 hujus
1116 3201 1462 3280 demonstrationem
1481 3205 1530 3280 ad
1551 3205 1720 3283 notiones
1744 3207 1860 3284 claras
1881 3207 1922 3286 de
1940 3231 2041 3285 mere
2064 3209 2225 3286 elemen-

573 3363 675 3428 tares
695 3373 865 3426 revocare
887 3347 1094 3426 allaboravi.
1146 3347 1243 3422 Cum
1260 3370 1367 3438 vero,
1394 3369 1505 3446 quarn
1523 3373 1604 3449 pag·
1621 3371 1776 3450 47-51.
1796 3352 1980 3452 proposui,
2006 3350 2229 3428 demonstra·

572 3491 696 3568 stratio
730 3493 915 3594 (inprimis
948 3501 1075 3566 autem
1102 3489 1203 3587 quod
1231 3490 1366 3566 attinet
1396 3490 1445 3568 ad
1476 3491 1717 3596 expreffiones
1745 3497 1784 3574 in
1806 3519 1889 3598 pag.
1915 3515 1972 3589 51.
1997 3499 2228 3586 contentas),

573 3636 696 3711 minus
717 3635 822 3712 firma
841 3637 934 3712 mihi
952 3635 1158 3719 videretur,
1194 3655 1315 3727 neque
1335 3633 1428 3710 mihi
1448 3638 1597 3712 omnino
1619 3641 1843 3716 satisfaceret
1874 3637 2000 3730 (quod
2018 3633 2122 3704 innui
2145 3655 2229 3728 pag·

572 3785 695 3875 207.);
722 3780 831 3854 aliam
850 3801 934 3876 pag.
949 3789 1152 3860 208-210·
1170 3767 1358 3866 subjunxi,
1389 3769 1605 3848 Academiae
1628 3771 1871 3846 Berolinenfis
1894 3769 1942 3842 de
1963 3767 2134 3866 praedista
2150 3769 2233 3846 Dis·

572 3916 767 3994 sertatione
793 3917 933 4018 judicio
960 3915 1218 4018 posteriorem3
1260 3934 1373 4012 quam
1401 3909 1441 3990 de
1472 3913 1524 3990 ill.
1546 3915 1812 3990 Krosruenuru
1848 3911 2147 4008 (Ausongsgrttnte
2176 3919 2232 3987 aer

571 4060 719 4158 Aooipsts
738 4063 792 4132 des
809 4062 1038 4150 Unrndlicteo,
1064 4071 1115 4132 rte
1131 4058 1223 4151 Aust.
1250 4049 1288 4155 §.
1313 4079 1384 4153 144
1392 4057 1481 4154 seq.)
1506 4055 1584 4154 jam
1601 4055 1783 4132 tradidisse
1810 4051 1931 4153 postea
1950 4053 2120 4154 comperi.
2165 4055 2233 4134 Ni·

427 4183 442 4204 *
569 4199 664 4272 titur
684 4221 730 4271 ea
754 4197 825 4273 hoc
842 4200 1101 4285 fundamento,
1135 4195 1235 4292 quod
1256 4173 1393 4270 sentito
1412 4199 1588 4293 quaelibet
1610 4197 1829 4294 quantitatis
1853 4195 2041 4274 mutabilis
2059 4195 2146 4273 serie
2167 4219 2230 4291 po«

407 4305 411 4314 Ι
572 4338 775 4412 tentiarum
791 4337 903 4432 hujus
923 4339 1140 4432 quantitatis
1157 4319 1418 4412 inconstantes
1435 4339 1614 4436 quosdam
1629 4337 1819 4415 duiiarum
1836 4341 1993 4460 egrprimi
2011 4339 2130 4440 poffit,
2156 4356 2230 4429 qua

574 4476 786 4554 reduttione
810 4475 975 4565 admissa,
1002 4475 1260 4554 demonstratio
1278 4477 1361 4556 haec
1379 4481 1474 4558 mihi
1487 4481 1594 4580 plane
1614 4479 1798 4556 satisfacit.

675 4642 715 4746 §.
739 4671 797 4740 31.
848 4646 978 4721 Primm
996 4647 1105 4744 casto.
1162 4643 1221 4724 Sit
1238 4659 1283 4717 re
1309 4646 1468 4746 potestas
1487 4671 1717 4748 quaecunque
1744 4651 1958 4749 quantitatis
1980 4625 2164 4721 mutabilis
2181 4655 2224 4718 x,

577 4808 664 4884 quae
682 4787 747 4864 fiat
771 4793 886 4880 x÷b3
910 4790 1022 4868 itaut
1044 4789 1172 4913 reflat
1195 4791 1368 4886 (stou.
1420 4791 1502 4893 Jam
1523 4793 1682 4870 vidimus
1708 4789 1765 4896 (§.
1779 4822 1805 4868 r.
1823 4793 1965 4882 Intrat.)
1991 4783 2059 4890 eise

1096 4957 1118 4998 n
1156 4957 1229 5009 πη
1267 4965 1276 4974 ·
1423 4959 1446 5004 o

579 4977 772 5093 (raseph—7
795 4951 2152 5148 x⁰÷-}xn·1o÷-f.3-xn·2r2÷.1....Qu-³o243..ssffeob⁴÷·
2181 5021 2190 5040 .
2216 5019 2227 5038 ·

2172 5127 2229 5202 Sit
2441 5145 2451 5162 ·
