5325 6300
1954 719 1957 725 Α
2005 679 2074 755 131

435 873 520 928 rum
542 847 725 927 retiacum
744 841 855 918 unica
875 831 946 920 est,
979 833 1032 908 ita
1052 829 1167 908 etiarn
1191 825 1266 902 dici
1290 823 1420 925 nequit
1439 823 1760 930 impollibilltatem
1783 831 1951 910 occursus
1969 835 2093 914 mutui

434 981 594 1069 duarum
614 988 796 1064 linearum
811 981 898 1065 ΑΒ,
922 978 962 1046 ab
978 973 1157 1073 majorem
1174 971 1244 1048 else
1266 979 1333 1043 aut
1346 969 1546 1060 minorem,
1569 970 1692 1070 prouti
1706 969 1804 1050 linea
1817 976 1887 1050 AB
1901 973 1954 1056 est
1971 973 2094 1074 major

434 1148 503 1214 aut
532 1135 678 1219 minum
719 1123 780 1200 seu
805 1121 948 1220 sgnum
970 1112 1271 1223 impossibilitatis*
1285 1104 1319 1206 θ’
1335 1111 1387 1188 eil
1417 1113 1560 1212 ligntun
1581 1115 1754 1205 unicum,
1791 1135 2021 1218 quaenunque
2046 1115 2092 1196 sn

435 1276 622 1377 quantitas
646 1296 685 1359 a,
717 1288 876 1368 quacum
901 1285 966 1367 per
993 1255 1475 1358 multiplicationissrgnum
1498 1256 1745 1358 conjungatur
1752 1283 1765 1356 ς
1791 1259 1924 1336 eodem
1949 1257 2091 1360 prorsus
2194 1291 2199 1299 ·

433 1415 564 1505 modo,
579 1433 664 1512 ‘quo
683 1413 807 1487 omnia
823 1407 924 1506 signa
944 1400 1162 1500 imaginaria
1179 1399 1333 1479 arr—1
1357 1400 1406 1478 ad
1425 1401 1578 1480 unicum
1597 1403 1724 1482 r..1
1746 1402 1935 1484 communi
1946 1401 2094 1479 mathe-

430 1554 651 1636 matioomm
666 1550 843 1629 'consensu
867 1550 1110 1626 reducuntur.
1888 1605 1892 1614 .
2170 1529 2176 1542 ’

434 1721 462 1768 -;
490 1754 494 1760 ,
532 1693 657 1799 §qn
710 1694 985 1772 Geometricam
998 1687 1236 1790 problematis
1248 1685 1420 1789 proponti
1443 1687 1551 1789 (utut
1565 1689 1821 1790 elementaris)
1845 1687 2095 1770 evolutionem

290 1923 294 1928 ,
433 1861 479 1913 eo
507 1837 696 1914 lubentius
720 1835 890 1938 exposui,
922 1834 1022 1929 quod
1031 1833 1132 1926 2haec
1149 1831 1233 1930 ‚ipsa
1261 1831 1434 1929 quaestio,
1466 1845 1532 1910 aut
1554 1833 1638 1914 aliae
1656 1833 1720 1935 ipsi
1743 1833 1894 1922 affines,
1917 1829 1979 1926 ¹sub
2000 1825 2093 1906 salso

429 1981 565 2058 obtutu
594 1977 848 2066 consideratae,
889 1975 999 2051 variis
1023 1973 1197 2074 loquendi
1224 1977 1346 2051 modis
1380 1983 1491 2076 (meo
1513 1977 1664 2074 quidem
1683 1977 1823 2078 judicio
1847 1973 1947 2052 sensu
1963 1968 2090 2068 callis)

428 2122 552 2226 ansam
570 2122 817 2219 praebuerunt.
867 2119 1009 2196 Dicunt
1029 2141 1064 2193 v.
1082 2139 1138 2214 gr.
1158 2114 1380 2213 algebristae,
1406 2117 1542 2194 lineam
1564 2117 1699 2194 restam
1719 2117 1898 2194 circulum
1912 2113 2003 2202 elle,
2027 2131 2093 2186 cu·

426 2262 489 2362 jus
515 2263 640 2340 radius
664 2261 716 2338 est
742 2261 920 2341 infinitus.
980 2261 1064 2336 Uno
1089 2272 1156 2335 aut
1183 2259 1300 2335 altero
1326 2261 1498 2362 exemplo
1522 2260 1683 2338 indicare
1707 2252 1877 2345 sufficiet,
1909 2255 1999 2356 quid
2026 2249 2097 2331 fibi

426 2403 517 2480 velit
537 2403 725 2500 ejusmodi
741 2404 919 2502 loquendi
941 2403 1086 2479 modun.

524 2541 611 2616 Sint
633 2544 708 2636 duo
733 2545 865 2642 punita
887 2541 1063 2642 positione
1087 2543 1186 2616 data.
1244 2543 1388 2620 Notum
1408 2543 1477 2622 est:
1507 2543 1773 2644 ‚rectamque
1789 2542 1959 2624 bifariam
1982 2539 2021 2619 δι
2045 2537 2094 2616 ad

428 2681 584 2780 angulos
600 2680 716 2756 redon
735 2679 832 2756 secat
856 2681 994 2757 lineam
1011 2677 1147 2754 reiiam
1168 2678 1301 2776 punsia
1322 2681 1412 2758 data
1433 2682 1674 2778 jungentem,
1699 2685 1822 2761 locum
1840 2645 1909 2758 elle
1926 2680 2093 2756 omnium

427 2823 646 2926 punstorum
667 2823 796 2899 abhis
821 2822 965 2923 punsiis
986 2819 1340 2928 aequi-distantium.
1400 2820 1545 2920 Nempe
1575 2845 1650 2898 non
1680 2823 1792 2900 modo
1822 2787 1979 2921 quodvis
2001 2839 2095 2918 pun·

427 2965 526 3044 &um
545 2965 586 3041 iri
610 2961 872 3066 perpendiculo
892 2961 965 3037 hoc
982 2959 1092 3036 litum
1111 2961 1353 3068 aequi-distat
1374 2987 1398 3039 a
1418 2963 1562 3041 duobus
1584 2965 1728 3063 punliis
1752 2965 1850 3042 datis
1856 2985 1868 3058 ;
1899 2960 2095 3040 sedetiam

426 3077 585 3213 quodvis
608 3109 782 3213 puniium
806 3117 914 3187 extra
933 3103 1007 3180 hoc
1026 3102 1331 3207 perpendiculum
1357 3101 1425 3202 (in
1444 3105 1579 3183 eudem
1604 3102 1741 3207 plano)
1771 3103 1880 3183 litum
1903 3099 2095 3203 inaequali·

423 3259 481 3325 ter
501 3250 610 3325 distat
631 3254 678 3324 ab
700 3252 761 3321 his
783 3250 938 3344 puniiis.

521 3388 664 3464 Notum
676 3386 813 3483 pariter
823 3384 875 3460 est
898 3382 1398 3477 (vid.A1³ornon11arancm1
1416 3384 1907 3489 coeapnnaL.11.Prop.2.):
1937 3388 2094 3463 circum⁴

428 3528 626 3605 senentiam
646 3526 782 3619 ¹circuli
805 3528 931 3606 locum
958 3524 1028 3603 elle
1047 3526 1215 3603 omnium
1238 3526 1474 3626 punitorum,
1508 3546 1666 3633 quorum
1695 3522 1876 3601 distantiae
1900 3546 1924 3599 a
1947 3526 2094 3604 duobus

433 3670 575 3770 puniiis
597 3667 695 3747 datis
718 3666 801 3744 sunt
819 3670 917 3747 inter
936 3666 971 3746 se
990 3670 1030 3745 in
1051 3666 1194 3743 ratioue
1216 3665 1303 3741 data
1324 3690 1346 3742 a
1367 3666 1509 3746 ratione
1533 3666 1757 3767 aequalitatis
1777 3664 1928 3743 diversa.

333 3894 338 3899 ,
533 3814 636 3888 Duos
659 3810 773 3889 hosce
790 3810 912 3901 casus,
938 3823 1026 3886 utut
1047 3810 1145 3887 inter
1167 3806 1202 3884 se
1224 3808 1407 3901 diversos,
1436 3810 1476 3889 δι
1493 3812 1538 3889 ab
1563 3812 1725 3910 antiquis
1746 3808 1947 3909 geometris
1966 3804 2094 3883 sedulo

353 4023 360 4038 ,.
433 3951 631 4053 fojmeros,
656 3951 719 4033 sub
743 3977 819 4029 uno
846 3952 1036 4055 complesti
1058 3950 1230 4047 satagunt
1250 3950 1467 4051 algebristae.
1529 3940 1626 4031 Cum
1654 3956 1780 4033 radius
1805 3950 1950 4043 circuli,
1985 3948 2094 4049 cujus

438 4094 730 4182 circumferentia
752 4094 805 4171 est
831 4093 935 4173 locus
964 4092 1186 4197 propositus,
1212 4116 1258 4170 eo
1284 4094 1406 4195 major
1433 4096 1519 4187 fiat,
1551 4120 1628 4196 quo
1649 4096 1744 4174 ratio
1767 4095 1878 4185 data,
1911 4090 2095 4171 aratione

438 4234 661 4334 aequalitatis
682 4238 838 4329 diversa,
871 4238 920 4315 ad
940 4262 1024 4337 eam
1042 4226 1193 4343 propius
1214 4236 1378 4332 accedit;
1416 4238 1457 4316 &
1484 4238 1798 4339 quemadmodum
1815 4237 1910 4315 ratio
1933 4235 2021 4312 data
2046 4232 2097 4313 ad
2123 4258 2128 4267 ·

437 4380 621 4455 rationem
639 4381 860 4477 aequalitatis
877 4384 1027 4483 propius
1045 4384 1221 4462 accedere
1235 4378 1353 4483 potest
1377 4400 1489 4479 quam
1514 4384 1609 4459 ratio
1628 4380 1770 4480 quaevis
1793 4378 1973 4481 prop'osrta
1995 4400 2018 4453 a
2037 4398 2097 4452 ra·

440 4521 542 4597 tione
563 4523 786 4623 aequalitatis
802 4525 939 4601 diversa
950 4548 964 4613 ,’
980 4528 1034 4603 ita
1051 4526 1165 4603 etiam
1179 4525 1306 4601 radius
1327 4524 1492 4625 praedisii
1510 4524 1639 4600 circuli
1658 4544 1876 4623 quacunque
1892 4518 2096 4601 lineadata'

287 4715 292 4721 -
439 4664 559 4763 major
584 4664 666 4741 fieri
691 4662 813 4763 posit:
843 4668 1068 4747 concludunt
1086 4669 1192 4759 inde,
1215 4668 1336 4767 quod,
1362 4666 1504 4743 litatio
1527 4668 1616 4744 data
1633 4664 1746 4743 suerit
1766 4662 1840 4761 ipsa
1857 4660 1952 4740 ratio
1971 4684 2099 4763 aequa·

439 4804 574 4911 litatis,
598 4804 724 4881 radius
746 4804 872 4883 circuli
888 4807 954 4887 fiat
969 4810 1151 4891 infinitus.
1201 4811 1277 4889 Sed
1294 4811 1367 4887 noo
1384 4806 1469 4887 casu
1488 4808 1593 4885 locus
1617 4804 1820 4909 propositus
1843 4804 1894 4887 est
1916 4806 2015 4887 linea
2041 4834 2099 4887 re·

442 4946 516 5040 iia5
540 4968 630 5045 ergo
653 4947 834 5047 (dicunt)
861 4948 959 5027 linea
972 4952 1134 5033 restaest
1152 4954 1329 5045 cnculus,
1355 4951 1464 5053 cujus
1480 4950 1605 5029 radius
1626 4949 1803 5028 infinitus.
1857 4949 1954 5031 Cum
1973 4963 2100 5045 autem

438 5087 509 5213 linc
529 5086 612 5163 casu
630 5086 715 5167 idea
738 5088 865 5166 circuli
884 5088 1079 5170 necessario
1098 5098 1333 5174 counesiatur
1359 5119 1446 5174 curn
1467 5091 1708 5195 discrepantia
1723 5094 1876 5170 rationis
1894 5094 1992 5169 datae
2006 5115 2028 5164 a
2041 5112 2101 5163 ra-

1275 5238 1357 5319 Ra
1971 5286 1975 5295 -
2001 5232 2103 5312 tione
