5325 6300
2041 656 2088 739 2!

526 824 611 903 siat
635 822 718 923 (uti
741 826 829 920 3⁰.)
856 818 1054 905 terminus,
1089 814 1199 916 cujus
1224 808 1430 891 codfficiens
1453 808 1487 885 L
1508 808 1627 907 major
1654 806 1795 885 summa
1821 808 1988 891 omnium
2012 824 2087 893 ter.

364 989 367 995 ·
430 946 618 1045 minorum
639 942 880 1061 sequentium.
936 960 1031 1039 Tum
1053 980 1120 1061 per
1140 951 1440 1033 construttionem
1460 950 1575 1050 hujus
1596 951 1835 1029 theorematis
1856 952 1923 1031 fiat
1945 958 2088 1057 primus

432 1110 618 1185 terminus
638 1099 759 1197 major
776 1098 912 1175 summa
933 1103 1099 1181 omnium
1115 1096 1358 1175 terminorum
1378 1114 1496 1191 usque
1521 1093 1569 1167 ad
1593 1097 1813 1186 terminum,
1839 1098 1946 1196 cujus
1965 1100 2089 1179 coe'ffi·
2134 1069 2140 1083 ι

435 1250 538 1329 ciens
558 1252 604 1323 1.
654 1244 753 1332 Erit,
777 1266 799 1319 a
817 1240 975 1335 fortiori,
999 1246 1141 1347 primus
1164 1240 1344 1319 terminus
1365 1235 1486 1337 major
1504 1234 1644 1315 sununa
1667 1242 1834 1321 omnium
1849 1241 2091 1322 terminorum

434 1389 675 1491 sequentium.
1092 1479 1096 1488 ¹
1485 1490 1491 1499 .

540 1530 644 1619 Quod
665 1530 801 1607 attinet
822 1530 871 1608 ad
896 1532 1017 1624 casus,
1049 1534 1184 1634 quibus
1207 1528 1454 1609 coafficientes
1477 1552 1552 1605 non
1570 1528 1654 1607 sunt
1672 1524 1808 1605 'omnes
1830 1526 1989 1630 positivi,
2023 1536 2092 1605 aut
2113 1570 2117 1575 ·

313 1660 316 1665 ’
439 1673 567 1771 quibus
578 1668 719 1749 alterne
734 1672 899 1751 crescrmt
914 1673 954 1751 &
969 1674 1183 1753 decrescunt
1197 1674 1306 1775 juxta
1321 1673 1445 1771 legem
1461 1672 1604 1763 datam,
1630 1671 1785 1775 &quod
1800 1672 1848 1749 ad
1865 1673 2094 1749 incrementa

411 1800 578 1892 'suorum
601 1816 759 1909 attinet,
798 1799 909 1892 modo
934 1818 1207 1898 conditionibus
1230 1816 1526 1921 praecedentibus
1548 1814 1807 1891 consentaneo:
1844 1810 2093 1891 conclusiones
2113 1884 2115 1889 ,

431 1952 504 2032 iilis
523 1956 663 2036 casrbus
682 1928 864 2035 asortiori
881 1960 1087 2040 nesiuntur.

528 2100 674 2179 Ceteris
683 2124 772 2179 vero
782 2100 940 2193 casibus,
958 2104 1092 2203 quibus
1101 2092 1348 2185 coessrcientes
1361 2106 1459 2184 ultra
1475 2124 1623 2181 omnem
1635 2099 1793 2180 limitem
1803 2102 2004 2179 crescentes
2025 2093 2108 2173 alii

428 2266 541 2343 quam
553 2246 682 2345 legum
696 2248 913 2325 incrementi
926 2248 1218 2346 praecedentium
1233 2252 1335 2351 sequi
1350 2274 1424 2326 non
1442 2246 1598 2324 constat:
1630 2244 1809 2325 hattenus
1822 2243 1967 2329 dubito,
1984 2240 2093 2315 theo·

427 2408 531 2461 rema
545 2388 641 2486 posse
656 2386 832 2476 seriebus,
862 2410 1020 2485 quarum
1037 2412 1216 2469 numerus
1228 2394 1475 2472 terminorum
1488 2388 1540 2463 est
1555 2387 1880 2471 indeterminatus,
1906 2377 2089 2481 applicari.

539 2540 577 2636 b·
608 2563 665 2634 17·
714 2546 768 2614 Ut
794 2544 982 2613 neceffitas
1004 2555 1297 2637 praecedentium
1316 2554 1584 2631 distinstionum
1608 2553 1834 2629 luculentius
1852 2558 1998 2651 pateat,
2028 2569 2096 2623 ex-

432 2676 596 2778 emplum
616 2678 804 2772 evolvam,
826 2677 927 2778 quod
946 2679 985 2755 in
999 2678 1235 2777 sequentibus
1259 2682 1388 2779 niagni
1411 2688 1482 2761 erit
1502 2692 1693 2765 momenti.

535 2847 737 2943 Exemplum
785 2845 844 2923 Sit
866 2853 912 2917 xe
928 2840 1094 2943 potentia
1113 2863 1345 2947 quaecunque
1367 2848 1585 2961 quantitatis
1604 2852 1790 2931 variabilis
1812 2880 1854 2941 x,
1880 2834 1982 2955 quae,
2013 2878 2097 2933 mua

431 2990 800 3085 tatdxinxssdam
861 2990 906 3067 fit

516 3155 560 3214 xo
578 3106 1238 3272 ‡„n-1Ax42,'ll.¹.xn·2nx2‡{'..
1251 3191 1260 3211 .
1272 3193 1281 3214 .
1293 3108 1530 3211 Uxii-rw
1544 3144 1583 3228 -Ι-
1597 3108 1638 3216 ἶ.
1650 3195 1658 3218 .
1669 3081 1923 3222 ..ἶῖἕκῠὶωϋ
1942 3148 1983 3235 ss
2001 3197 2094 3222 .....

841 3236 954 3290 12
1320 3228 1740 3305 314

434 3276 592 3400 Proinde
614 3324 780 3423 potentia
793 3339 856 3412 xe,
880 3319 1028 3397 mutata
1046 3343 1073 3392 x
1086 3317 1127 3394 in
1145 3343 1173 3391 x
1185 3320 1227 3406 ss
1242 3327 1314 3409 dx,
1340 3316 1473 3416 accipit
1489 3319 1751 3414 mutationem,

503 3451 1196 3585 ‡(nxo·mx‡1¹„‚'fflx¹¹·2dx²†2
1207 3537 1216 3556 ·
1228 3536 1239 3558 ·
1250 3537 1260 3558 ο
1273 3451 1504 3552 ’ΞΖ-ΜΝ
1519 3461 1642 3570 ὲ-’ἶη
1657 3453 1968 3579 ·⁹-'-'-³-x¹¹·tdx⁴·s·
1981 3542 2072 3569 ·····
2075 3487 2095 3592 )

889 3577 912 3628 2
1170 3573 1186 3622 1
1575 3573 1592 3622 1

433 3671 511 3765 iam
537 3685 628 3742 vero
654 3581 823 3762 ponatur1
824 3721 835 3754 ,
867 3662 1115 3739 mutationem
1131 3669 1188 3730 dx
1211 3567 1323 3755 posse3
1336 3655 1416 3732 sieri
1437 3658 1619 3734 minorem
1646 3575 1864 3762 quodcunque
1891 3665 2096 3762 quantitate

439 3803 635 3900 proposita:
661 3803 764 3894 dico,
795 3799 1042 3880 mutationem
1065 3797 1172 3875 srmui
1191 3795 1325 3875 fastam
1349 3798 1526 3900 potentiae
1545 3813 1588 3872 an
1606 3787 1720 3879 etiam
1741 3825 1958 3904 quacunque
1982 3824 2098 3902 quan-

442 3942 550 4020 titate
565 3945 741 4047 proposita
765 3947 845 4025 fieri
866 3943 962 4048 posse
981 3941 1175 4021 minorem.
1316 4033 1321 4042 Ι

536 4113 595 4186 1⁰.
619 4111 675 4188 Sit
691 4141 715 4187 n
735 4137 913 4194 numems
935 4115 1081 4212 integer
1104 4107 1291 4216 positivus.
1350 4109 1454 4190 Prior
1477 4109 1584 4190 series
1603 4112 1850 4218 abrumpitur,
1884 4111 2098 4214 &proinde

441 4253 613 4333 assertum
631 4277 758 4334 verum
778 4259 830 4338 est
853 4279 919 4360 per
943 4251 981 4358 §.
1008 4259 1063 4332 16.

540 4387 601 4472 2'0.
627 4394 687 4472 Sit
705 4421 728 4467 o
742 4423 916 4480 numerus
932 4397 1107 4500 positivus
1128 4399 1381 4499 nonainteger
1395 4399 1523 4501 major'
1538 4403 1693 4480 unitate.
1744 4401 1868 4480 Series
1885 4399 2097 4502 praecedens

290 4529 301 4538 ’
439 4564 516 4618 non
538 4537 767 4638 abrumpitur
782 4543 952 4640 quidem,
979 4541 1044 4620 sed
1059 4523 1168 4620 facile
1183 4543 1472 4623 demonstratur:
1508 4545 1755 4623 coefficientes
1777 4543 2034 4630 terminorum,
2057 4542 2098 4618 in
2121 4534 2125 4544 ’

438 4681 573 4781 quibus
591 4704 780 4781 exponens
800 4687 1015 4764 mutationis
1031 4697 1086 4762 dx
1104 4683 1149 4762 srt
1171 4661 1291 4786 major
1312 4710 1424 4787 quam
1447 4697 1564 4779 ηψπ]
1588 4691 1760 4769 continue
1781 4681 1999 4795 decrescere.

537 4823 689 4900 Etenim
714 4809 760 4901 iit
788 4851 821 4900 m
844 4849 1018 4909 numerus
1043 4831 1189 4932 integer
1214 4827 1391 4932 positivus
1420 4832 1633 5022 immpdiate
1667 4831 1787 4909 minor
1816 4815 1977 4928 quamn
1999 4833 2039 4916 -Ι-
2066 4847 2097 4901 r·

1173 4957 1197 5006 n
1245 4956 1267 5002 n
1302 4956 1319 5006 1
1455 4955 1502 5002 n·
1533 4955 1562 5000 m

441 4973 658 5094 Cqsfficiens
682 4977 836 5056 termini
856 4987 1056 5070 ww,
1070 4983 1231 5121 erit—f·
1245 4973 1327 5122 -ἷῑ
1459 4935 1652 5120 ...ὀ-Ξ),
1740 4976 1960 5056 Coefficiens
2003 4973 2098 5050 alius

1245 5167 1280 5242 D
1305 5193 1330 5248 2
1700 5127 1720 5142 Γ
1973 5159 2100 5262 cujus⁴
