5325 6300
585 573 658 652 ¹94

581 725 719 830 speeies
742 724 903 828 primum
921 723 1083 806 breviter
1101 719 1340 828 peruadere,
1369 729 1452 858 tupr
1467 717 1673 822 generatim
1691 723 1739 804 de
1755 721 1827 808 illis
1843 725 2046 828 disquirere
2066 753 2141 810 non
2157 729 2245 812 alie·

583 895 676 952 num
695 871 742 950 ab
763 891 805 946 re
829 869 911 948 erit.

678 1035 718 1144 p
748 1061 828 1134 ¹31·
879 1035 939 1116 Sit
957 1036 1077 1136 ligura
1099 1053 1330 1136 quaecunque
1351 1033 1459 1136 plana
1482 1033 1656 1138 positione
1679 1033 1719 1116 dc
1739 1037 1997 1136 magnitudine
2022 1041 2120 1118 data.
2172 1041 2246 1119 Re·

583 1163 639 1264 'aa
663 1181 846 1282 quapiam
864 1181 917 1258 ita
939 1191 1152 1268 moveatur,
1178 1191 1221 1254 ut
1241 1173 1306 1254 fibi
1326 1173 1466 1277 semper
1487 1179 1659 1282 parallela
1674 1193 1844 1280 maneat,
1870 1181 1972 1262 &ut
1994 1183 2143 1282 aliquod
2162 1183 2248 1284 ejus

581 1329 759 1432 puntium
787 1325 884 1402 circa
912 1325 1153 1423 perimetrum
1178 1317 1310 1418 figurae
1342 1317 1455 1422 hujus
1485 1310 1749 1424 prigrediatur.
1814 1325 1970 1422 Singula
1996 1325 2106 1404 resta
2131 1324 2247 1425 hujus

580 1471 712 1574 punlia
731 1465 939 1546 describunt
961 1467 1077 1542 lineas
1103 1465 1303 1566 perimetro
1322 1459 1453 1560 figurae
1477 1465 1576 1544 datae
1600 1465 1812 1566 parallelae,
1837 1469 2032 1572 eidemque
2053 1431 2188 1546 ssmiles
2207 1469 2246 1548 dc

579 1613 761 1712 aequales:
797 1611 950 1712 proinde
972 1609 1073 1686 lolidi
1098 1608 1170 1684 hoc
1192 1605 1303 1684 modo
1327 1607 1444 1706 geniti
1469 1607 1588 1698 sellio,
1621 1609 1729 1710 plano
1752 1631 1972 1712 quocunque
1993 1613 2124 1712 figurae
2146 1615 2244 1690 datae

579 1755 752 1858 parallelo
773 1753 885 1843 latia,
917 1753 1071 1852 aequalis
1093 1749 1132 1828 dc
1154 1747 1279 1826 fimitis
1305 1747 1357 1826 est
1384 1749 1471 1828 huic
1502 1751 1640 1850 ligura.
1707 1753 1928 1856 Superlicies
1954 1779 1978 1833 a
2001 1755 2098 1833 reita
2120 1753 2244 1832 mobili

504 1987 510 1994 ¹
580 1901 708 2002 genita
731 1899 867 1978 dicitur
884 1893 1070 1992 staperficin
1097 1893 1286 1994 cylindricae
1319 1891 1359 1970 dc
1387 1895 1483 1970 rena
1512 1897 1657 1974 mobilis
1685 1898 1822 1976 dicitur
1847 1897 1930 1998 ejus
1953 1899 2044 1972 urus.
2109 1897 2138 1976 F
2139 1899 2245 1994 igura

579 2042 687 2132 data,
725 2041 764 2120 dc
788 2039 893 2116 sellio
915 2037 1035 2128 solidi,
1061 2036 1172 2136 plano
1188 2035 1319 2138 figurae
1342 2036 1430 2114 huic
1452 2041 1622 2138 parallelo
1646 2037 1685 2118 ἀ
1709 2061 1775 2139 per
1797 2039 1953 2120 alterum
1972 2043 2098 2120 lateris
2119 2055 2245 2117 extre·

578 2208 684 2264 mum
704 2195 920 2262 transeunte
940 2182 1054 2272 satia,
1079 2181 1254 2260 dicuntur
1276 2184 1360 2282 burso
1387 2179 1498 2258 solidi.
1551 2181 1718 2258 Solidum
1739 2183 1876 2285 ipsum,
1902 2186 2047 2264 balbus
2070 2185 2109 2265 dc
2124 2184 2246 2282 super·

578 2325 661 2404 licie
686 2325 889 2424 cylindrica
911 2326 1174 2414 terminatum,
1206 2325 1343 2401 dicitur
1363 2325 1522 2422 cpdndrns
1545 2321 1606 2400 seu
1628 2327 1781 2406 solidum
1803 2303 2084 2428 cylindricum.'
2117 2314 2245 2422 Cylin-

578 2467 670 2544 drus
694 2469 746 2546 est
771 2465 875 2540 renas
902 2479 969 2542 aut
991 2465 1162 2564 aliqum,
1193 2468 1318 2568 prouti
1339 2465 1439 2544 latus
1460 2462 1511 2544 est
1536 2469 1608 2550 basr
1629 2461 1931 2576 perpendiculare
1954 2487 2020 2552 aut
2043 2471 2244 2572 obliquum.

577 2605 758 2727 Distantia
778 2606 919 2690 basrum
941 2609 1100 2710 cylindri
1121 2611 1258 2689 dicitur
1280 2609 1364 2711 ejus
1385 2613 1527 2687 altitudo.

674 2753 844 2834 solidum
868 2755 1114 2855 cylindricum
1138 2755 1248 2830 ilmes
1269 2753 1321 2828 est
1338 2757 1558 2850 prismatum
1577 2758 1640 2852 ipli
1662 2757 2015 2847 circumscriptorum
2039 2765 2105 2828 aut
2123 2757 2247 2830 inscri-

529 2946 534 2956 ·
575 2905 737 2996 piorum.
801 2899 878 2974 Sed
900 2897 1124 2990 capacitates
1144 2893 1279 2962 horum
1302 2889 1521 2980 prismatum
1548 2890 1689 2960 suntin
1712 2893 1854 2962 ratione
1883 2889 2081 2980 compulita
2110 2915 2159 2962 ex
2183 2915 2244 2965 ra·

574 3033 739 3105 tionibus
759 3029 899 3102 basium
924 3027 964 3094 dc
988 3019 1228 3092 altitudinum
1249 3035 1396 3106 eorum3
1426 3013 1465 3090 ἂ
1490 3016 1592 3094 bases
1615 3017 1718 3096 solidi
1737 3021 1929 3118 cylindrici
1952 3019 2036 3102 sunt
2062 3027 2176 3102 etiam
2198 3029 2243 3104 li·

573 3166 685 3245 mites
702 3160 843 3240 badum
855 3156 992 3235 horum
1015 3157 1253 3257 prismatum:
1276 3155 1432 3255 proinde
1452 3158 1565 3231 etiam
1586 3158 1698 3233 solida
1716 3160 1916 3255 cylindrica
1939 3158 2080 3237 suntin
2099 3164 2246 3245 ratione

573 3306 772 3409 composrta
791 3328 840 3380 ex
860 3300 1065 3379 rationibus
1086 3298 1228 3379 bairum
1252 3296 1292 3376 dc
1318 3296 1559 3374 altitudinum
1579 3296 1748 3397 ipsorum.
1799 3298 1886 3375 ldeo
1910 3300 2112 3379 denotante
2134 3308 2239 3383 Sca·

570 3454 774 3561 pacitatem
789 3448 892 3529 solidi
913 3444 1125 3545 cylindrici,
1147 3437 1297 3521 Bbafin
1316 3436 1419 3539 ejus,
1448 3436 1487 3517 dt
1504 3440 1543 3511 H
1562 3439 1798 3517 altitudinem
1808 3463 1819 3535 ;
1847 3440 1919 3518 erit
1940 3446 1968 3517 S
1983 3478 2020 3508 =
2038 3446 2113 3521 BH

611 3702 616 3711 ⁸
673 3610 833 3691 Proinde
856 3604 1149 3705 quotiescunque
1171 3622 1258 3677 area
1283 3595 1377 3676 baiis
1404 3596 1506 3673 solidi
1533 3596 1726 3695 cylindrici
1744 3600 1913 3679 terminis
1940 3600 2056 3681 finitis
2079 3606 2237 3707 exprimi

573 3752 710 3864 potest3
734 3751 919 3851 capacitas
937 3770 1083 3849 quoque
1106 3744 1208 3822 solidi
1231 3738 1425 3841 cylindrici
1445 3754 1617 3819 accurate
1638 3742 1918 3821 determinatur.

675 3908 819 3987 Pariter
839 3905 1047 4007 superficies
1071 3901 1287 4019 cylindricae
1308 3896 1418 3975 reaae
1446 3896 1593 3977 suntin
1619 3872 1762 3979 ratione
1790 3900 1987 4001 composrta
2009 3928 2059 3983 ex
2084 3910 2238 3989 rationi·

574 4055 652 4135 bus
674 4052 955 4153 perimetrorum
979 4046 1137 4136 balium,
1166 4040 1477 4123 &altitudinum
1528 4041 1750 4145 Superficies
1767 4054 1894 4121 autem
1915 4044 2129 4141 cylindricae
2146 4054 2238 4131 ohli-

578 4220 664 4299 quae
687 4196 851 4296 pendent
868 4216 892 4271 a
912 4194 1113 4295 perimetro
1131 4188 1297 4269 settionis
1316 4184 1497 4288 cylindri,
1530 4186 1639 4287 plano
1659 4184 1769 4287 ipsrus
1791 4184 1969 4267 lateribus
1995 4195 2238 4297 perpendicu-

575 4342 642 4423 lari
668 4338 805 4419 fana.

671 4494 711 4604 §.
738 4522 819 4598 132.
846 4538 850 4543 ·
872 4494 1000 4575 Solida
1019 4494 1132 4585 inter,
1154 4514 1239 4597 quae
1262 4514 1286 4567 a
1307 4486 1518 4588 cylindricis
1539 4488 1718 4589 originem
1741 4488 1902 4583 ducunt,
1929 4518 1973 4573 ea
1995 4498 2232 4601 contemplari

574 4640 746 4733 sufficiat,
769 4662 853 4741 quae
873 4638 1125 4739 cylindrorum
1140 4638 1322 4716 reiiorum
1346 4632 1554 4733 (inprimis)
1578 4628 1732 4709 senione
1746 4632 1819 4712 basr
1835 4636 1982 4735 obliqua
1996 4651 2228 4736 generamur.

417 4814 545 4906 fidil-
672 4784 731 4865 Sit
757 4807 891 4882 nempe
913 4784 983 4857 AB
1009 4783 1105 4860 retia
1133 4800 1363 4881 quaecunque
1382 4776 1422 4853 in
1448 4774 1558 4877 plano
1582 4774 1675 4853 basis
1701 4778 1860 4877 cylindri
1885 4780 1973 4857 roffi
1990 4782 2086 4871 aliar
2119 4776 2159 4857 dt
2186 4774 2232 4855 fit

570 4931 688 5011 ANN
691 4912 735 5005 ’Β
756 4925 987 5023 segmentum
1003 4922 1097 5007 baiis
1115 4922 1214 5001 reita
1228 4922 1387 5001 hacAB
1408 4918 1605 5005 abicillum.
1657 4918 1857 5023 Cylindrus
1874 4922 2016 5003 secetur
2035 4916 2148 5020 plano
2165 4942 2232 5024 per

1673 5106 1679 5115 .
2160 5066 2233 5145 AB
2368 5144 2381 5175 Ι
