5325 6300
463 622 489 694 -l
596 583 669 656 188
1962 662 1966 672 ,

599 743 670 823 bus
692 741 865 841 stabilita,
889 741 1021 818 eudem
1035 763 1122 829 vera
1143 743 1195 820 est
1216 765 1283 842 pro
1302 744 1374 820 elia
1390 763 1608 844 quacunque
1629 743 1743 838 retium
1778 741 1851 826 live
1872 755 2037 823 umsmt
2059 765 2124 843 per
2147 767 2242 844 pun·

600 879 698 964 &um
718 881 887 958 occursus
902 883 1082 982 priunum,
1099 881 1178 958 'srre
1199 905 1284 956 nou
1861 865 1871 886 ⁸
2099 975 2102 984 1

694 1021 888 1120 Olfimtio·
937 1020 981 1098 ln
1006 988 1212 1096 enunciatic
1238 1022 1531 1122 precedentibus
1561 1024 1741 1126 supposui,
1765 1027 1898 1126 punsiu
1927 1025 2014 1102 datr
2043 1023 2166 1123 jacere
2194 1029 2243 1103 ad

598 1166 749 1243 easdem
766 1175 890 1264 partes
907 1161 1036 1248 reue,
1061 1161 1100 1234 in
1119 1181 1230 1258 quam
1252 1165 1509 1264 perpendicula
1530 1181 1702 1264 aguntur.
1752 1167 1795 1246 si
1814 1167 1914 1244 secus
1932 1165 2062 1242 suerit:
2089 1167 2243 1244 mutatis
2287 1255 2291 1261 ,

596 1305 709 1402 srgnis
727 1299 1070 1410 perpendiculorum
1090 1325 1139 1376 ex
1157 1301 1298 1401 punsiis
1313 1305 1362 1382 ad
1383 1305 1540 1382 diversas
1563 1307 1733 1406 ejusdem
1754 1307 1861 1386 reue
1878 1317 2001 1406 partes
2018 1301 2094 1378 fitis
2113 1303 2242 1380 demis·

594 1449 735 1542 sorum;
759 1465 990 1546 quaecunque
1009 1441 1057 1516 de
1076 1439 1216 1518 summu
1240 1444 1335 1520 diua
1356 1445 1523 1538 suerunt,
1559 1451 1786 1550 applicantur
1808 1445 1984 1534 excessui,
2009 1465 2083 1542 quo
2102 1443 2242 1522 summa

592 1587 906 1686 restuogulorum,
925 1579 1067 1681 punitis
1088 1583 1135 1660 ab
1153 1605 1229 1661 una
1255 1585 1369 1686 hujus
1396 1589 1505 1668 iineae
1534 1605 1635 1690 parte
1658 1591 1733 1668 srtis
1754 1583 2066 1690 respondentium,
2098 1583 2243 1686 superat

592 1731 773 1808 summam
787 1725 1022 1822 reliquorum·
1079 1719 1161 1808 Quo
1181 1725 1322 1802 monito
1343 1719 1538 1844 111531ιί110,
1563 1732 1854 1830 insequentibus
1878 1695 2012 1826 puriter
2037 1723 2085 1802 de
2105 1725 2239 1800 summa

594 1883 741 1984 tpntum
758 1868 881 1946 dicere
900 1859 1070 1952 sufficiet3
1095 1859 1195 1957 quasi
1213 1865 1337 1942 omnia
1358 1871 1490 1968 punsia
1512 1873 1561 1950 ad
1580 1873 1730 1948 easdem
1752 1871 1878 1963 reue,
1901 1867 1940 1946 in
1963 1889 2074 1968 qutun
2089 1889 2240 1968 perpen-

561 1999 569 2012 ’
594 2013 718 2092 dicum
736 2019 916 2106 aguntur,
938 2013 1063 2100 partes
1079 1997 1255 2096 jacerent

690 2147 731 2252 §.
761 2155 842 2226 12⁶.
892 2141 936 2218 In
949 2139 1165 2218 Mechanica
1181 2143 1402 2226 ostenditur:
1428 2153 1602 2252 punssum
1622 2155 1660 2230 Z
1681 2173 1875 2230 commune
1894 2146 1962 2226 esse
1982 2143 2150 2242 gravitatis
2170 2167 2239 2217 eerr-

592 2319 679 2377 rrrrrrr
704 2288 864 2370 totidem
890 2280 1084 2360 massarum
1105 2305 1143 2370 u,
1170 2284 1210 2372 b,
1235 2312 1269 2374 c,
1294 2339 1304 2358 .
1329 2339 1340 2358 .
1364 2343 1375 2364 .
1396 2293 1425 2380 1,
1466 2315 1623 2390 quarum
1650 2289 1872 2388 singularum
1894 2285 2239 2384 monogrammos

591 2441 662 2518 sint
684 2439 739 2522 A,
771 2433 826 2516 B,
850 2427 899 2514 0,
930 2470 942 2492 ·
966 2469 977 2490 ·
1001 2467 1011 2490 ·
1035 2423 1079 2500 L·
1139 2422 1223 2510 Qua
1246 2425 1370 2524 puncti
1392 2432 1428 2506 Ζ
1456 2431 1756 2510 denominatione
1784 2431 1846 2512 hic
1871 2435 1986 2511 etium
2022 2426 2238 2528 (brevitatis

592 2577 718 2669 causo)
741 2572 799 2648 uti
816 2569 938 2646 liceat
1786 2543 1792 2554 ’

682 2698 817 2817 'ltaque
839 2707 1016 2812 puuttum
1043 2703 1152 2784 κάκ
1180 2710 1438 2806 magnitudine
1465 2714 1565 2792 datae
1586 2716 1752 2790 medium
1776 2712 1827 2788 est
1855 2723 2023 2786 centrum
2048 2706 2240 2823 gravi-tetis

510 2898 516 2911 ·
589 2861 705 2964 hujus
724 2859 853 2946 lincae3
886 2847 926 2926 ἀ
946 2846 1172 2944 superficies,
1204 2869 1316 2940 quam
1341 2848 1436 2918 reeta
1459 2850 1715 2938 magnitudine
1744 2845 1832 2918 data
1856 2840 1951 2912 circo
1976 2859 2084 2910 axem
2108 2859 2237 2934 quern·

587 3006 681 3082 libet
707 2991 873 3071 revoluta
894 2992 1063 3068 generat,
1101 2977 1254 3062 aequalis
1277 2977 1328 3042 est
1348 2975 1558 3062 retiangulo
1585 2976 1744 3047 subhac
1772 2971 1930 3046 retia&
1954 2971 2016 3046 sub
2041 2969 2232 3048 circumfe-
2260 2974 2269 3014 '-

586 3131 725 3211 tentio,
747 3133 858 3212 quam
875 3113 1046 3179 centrum
1065 3100 1260 3199 gravitatis
1275 3100 1359 3201 eius
1376 3109 1558 3187 rotatione
1579 3111 1651 3187 huc
1673 3111 1851 3187 describit.

680 3258 777 3337 Item
790 3257 959 3325 centrum
978 3242 1110 3339 sigurae
1127 3238 1295 3337 cujusvis
1315 3244 1516 3345 retianguli
1540 3249 1644 3325 srrnul
1661 3248 1714 3325 est
1732 3246 1814 3347 ejus
1829 3257 1998 3323 centrum
2021 3246 2234 3343 gravitatis3

582 3404 624 3485 dt
641 3397 751 3479 solida
765 3390 947 3471 rotatione
960 3380 1255 3478 restanguiorum
1265 3382 1363 3459 circa
1379 3408 1470 3463 uxeu
1490 3410 1747 3489 quoscunque,
1764 3383 1827 3463 uui
1842 3406 1889 3459 ex
1909 3382 2085 3463 lateribus
2103 3408 2226 3463 eorum

581 3512 792 3651 parallelos,
820 3527 946 3627 genitr
970 3522 1052 3601 sunt
1079 3527 1119 3600 in
1142 3521 1286 3597 ratione
1305 3526 1504 3625 compositu
1527 3554 1575 3605 ex
1597 3526 1801 3605 rationibus
1823 3524 1980 3625 ipsorum
2004 3492 2229 3623 tetrangulo·

580 3698 666 3769 mnr
683 3696 796 3777 atque
817 3657 1211 3770 circumferentiarum,
1235 3685 1329 3768 quur
1351 3690 1477 3743 eurum
1496 3680 1624 3746 centra
1645 3666 1838 3765 gravitatis
1854 3654 2070 3743 describunt

678 3818 763 3893 Sint
784 3809 965 3910 quotlibet
982 3802 1090 3881 rediae
1113 3803 1152 3877 in
1173 3805 1305 3881 eodem
1324 3806 1433 3905 plano
1458 3804 1631 3907 positione
1653 3832 1697 3883 ac
1721 3803 1977 3903 magnitudine
2003 3806 2125 3897 datae,⁴
2143 3830 2226 3907 quae
2314 3874 2316 3881 ,

579 3958 686 4039 srmul
704 3956 799 4031 circa
825 3972 935 4027 axem
957 3944 1159 4047 quemlibet
1180 3946 1426 4064 reposcantur.
1485 3948 1528 4025 In
1556 3948 1697 4049 punstis
1726 3945 1905 4023 testarum
1933 3943 2065 4023 harum
2092 3952 2225 4029 mediis

577 4100 764 4194 finguntur
788 4090 912 4173 musae
936 4086 1085 4183 singulis
1108 4084 1216 4161 retiis
1242 4088 1546 4185 proportionales,
1577 4087 1616 4167 dt
1641 4096 1826 4186 quaeratur
1844 4096 2013 4165 centrum
2031 4092 2223 4187 gravitatis

577 4256 773 4317 commune
782 4235 914 4309 harum
928 4228 1133 4307 massarum
1184 4228 1338 4304 Summa
1352 4226 1619 4328 superficierum
1635 4252 1656 4303 a
1674 4226 1781 4303 restis
1795 4208 1869 4302 iliis
1883 4232 2066 4313 rotatione
2079 4235 2147 4309 huc
2156 4256 2220 4329 ge·
2234 4301 2238 4311 .

576 4380 738 4460 nitarum
750 4376 903 4477 aequalis
918 4372 970 4451 est
983 4370 1194 4467 rettengolo
1211 4366 1306 4445 sasso
1319 4392 1368 4447 ex
1386 4368 1525 4447 summa
1538 4370 1668 4447 harum
1681 4366 1878 4457 testarum,
1903 4368 1943 4465 ἀ
1966 4394 2014 4449 ex
2030 4372 2224 4451 circumfe-

574 4484 747 4599 rentia'ab
756 4516 943 4595 communi
960 4514 1151 4608 mqssarum
1165 4510 1297 4587 horum
1312 4522 1440 4586 centro
1454 4514 1645 4608 gravitatis
1663 4511 1792 4587 eadem
1800 4508 2027 4593 revolutione
2041 4518 2215 4617 percursa.

672 4658 756 4735 Sint
780 4634 962 4757 quotlibet
989 4652 1196 4751 restanguio
1223 4638 1268 4727 in'
1290 4650 1422 4727 eodem
1445 4652 1554 4751 plano
1576 4650 1748 4752 posrtione
1774 4651 1816 4731 dc
1835 4656 2088 4751 magnitudine
2111 4658 2212 4745 datm

570 4798 620 4879 sic
653 4812 697 4877 ut
718 4798 942 4893 srngulorum
965 4796 1098 4873 horum
1123 4793 1416 4891 restangulorum
1442 4815 1558 4869 unum
1581 4792 1678 4869 lutus
1706 4792 1749 4871 srt
1776 4796 1885 4875 retiae
1911 4798 2019 4877 alicui
2040 4792 2212 4894 postione
2255 4894 2260 4901 .

425 5018 430 5031 ,
532 4922 668 5021 'datae
700 4934 924 5041 parallelum.
988 4932 1215 5028 Restangula
1239 4933 1323 5011 haec
1356 4930 1461 5013 srmul
1481 4934 1715 5016 revolvantur
1741 4936 1836 5017 circa
1863 4960 1971 5016 axem
1991 4930 2098 5009 restae
2121 4932 2211 5009 huic
2316 4910 2331 4930 '

1418 5071 1424 5094 '
1560 5068 1563 5073 ’
2059 5072 2209 5175 ,peral-
