5325 6300
380 652 556 729 ¹*ll

482 865 485 874 ·
526 851 611 929 quae
631 826 753 903 dubiis
777 824 954 901 obnoxias
971 823 1129 901 reddant
1151 817 1427 921 consequentias
1447 838 1497 895 ex
1515 815 1600 919 ipfis
1624 818 1818 912 dedutias3
1834 812 1920 895 'vel
1947 798 2041 899 adeo
2067 838 2182 919 vagas
2228 844 2233 853 ·

528 970 597 1046 esse
623 968 660 1045 dc
679 952 1003 1054 indeterminatas,
1027 981 1070 1040 ut
1091 964 1199 1063 juxta
1220 988 1283 1039 eas
1304 946 1443 1038 nonni'fi
1469 961 1734 1061 propemodum
1752 984 1795 1037 ac
1817 959 1931 1035 relate
1953 960 2001 1035 ad
2025 955 2183 1059 proposs-

529 1122 612 1185 tum
630 1106 816 1206 quendam
834 1105 982 1206 scopum
1002 1107 1232 1237 peculiarem
1241 1128 1330 1206 vera
1351 1104 1486 1192 essent,
1513 1124 1598 1201 quae
1619 1126 1683 1202 per
1706 1101 1887 1199 analysrn,
1912 1122 2023 1197 quam
2040 1108 2185 1185 vocant,

527 1246 834 1325 infinitesrmalem
856 1258 1084 1323 eruerentur.

627 1388 860 1466 Sententiam
879 1388 974 1465 hauc
998 1386 1048 1460 de
1076 1383 1199 1459 indole
1220 1380 1381 1463 statuum
1404 1386 1548 1461 illorum
1573 1372 1791 1481 quantitatis
1814 1380 1975 1479 profiteri
1999 1380 2090 1455 mihi
2112 1378 2185 1455 visa

529 1532 579 1607 est
605 1526 751 1606 illustris
778 1510 983 1607 Academia
1007 1492 1238 1603 scientiarum
1261 1525 1504 1603 Berolinensrs
1522 1528 1561 1603 in
1583 1527 1875 1621 programmate,
1907 1546 1980 1621 quo
2005 1520 2187 1597 theoriam

525 1670 662 1749 infiniti
693 1670 948 1746 mathematici
979 1670 1131 1769 praemio
1167 1670 1213 1745 ab
1244 1666 1279 1743 se
1310 1691 1406 1743 anno
1441 1652 1558 1765 1786(
1579 1664 1895 1741 condecorandam
1924 1662 2182 1763 promulgavit.

526 1816 648 1901 Quare
666 1810 712 1887 ab
734 1810 839 1912 scopo
860 1810 969 1911 ipsrus
992 1809 1153 1883 alienum
1177 1807 1278 1883 haud
1295 1808 1378 1913 fore·
1401 1808 1625 1897 existimavi,
1649 1806 1674 1882 sr
1699 1807 1879 1885 mathesin
1898 1806 2043 1885 infinito
2060 1820 2184 1881 carere
2258 1872 2264 1881 .

525 1956 621 2055 polle
647 1951 892 2041 ostenderem,
917 1948 1219 2047 vastiillmamque
1243 1974 1285 2025 ac
1307 1949 1469 2025 maxime
1499 1948 1689 2027 sublimem
1710 1947 1794 2046 ejus
1813 1960 1955 2049 partem
1975 1948 2022 2023 ad
2051 1946 2183 2023 eadem

523 2098 702 2201 principia
731 2096 944 2171 reducerem
962 2135 993 2183 ,ι
1021 2096 1155 2191 quibus
1178 2105 1346 2169 veterum
1379 2090 1530 2167 inventa
1567 2093 1757 2182 nituntur}
1803 2110 1960 2187 quorum
1997 2110 2083 2164 vero
2121 2088 2181 2165 vel

459 2271 463 2280 ·
523 2263 632 2341 opem
654 2236 876 2314 recentiores
898 2235 1064 2331 plerique
1085 2234 1182 2329 justo
1201 2232 1310 2306 vilius
1330 2228 1554 2329 penderant,
1588 2232 1647 2308 vel
1675 2229 1877 2309 foecundati
1900 2231 2057 2309 niudtun
2079 2230 2183 2309 diffisi

520 2380 614 2457 sunt.

627 2500 808 2611 Evincere
832 2494 947 2591 igitur
974 2490 1132 2568 institui:
1174 2492 1394 2570 methodum
1416 2480 1673 2571 exhaustionis
1690 2492 1751 2569 seu
1772 2492 1934 2571 limitum
1953 2496 1999 2573 ab
2021 2494 2182 2594 antiquis

523 2644 730 2729 excultam,
756 2638 794 2715 dc
819 2638 858 2713 in
884 2636 1076 2713 Euccrors
1096 2636 1296 2736 praesertim
1321 2608 1433 2735 atque
1458 2636 1753 2726 Ancurmunrs,
1787 2658 1871 2736 quae
1890 2638 1939 2713 ad
1962 2658 2030 2713 nos
2055 2660 2183 2737 perve-

415 2794 420 2802 '
520 2810 628 2873 nere,
655 2782 793 2881 scriptis
811 2779 1006 2869 traditam,
1032 2778 1059 2853 sr
1085 2789 1331 2875 congruenter
1358 2747 1599 2864 extendatur,
1634 2800 1812 2853 novorum
1840 2776 2062 2853 calculorum
2084 2780 2183 2879 prin·

381 2949 385 2954 ·
518 2910 622 3027 cipiis
644 2894 754 3000 solide
777 2945 820 2993 ac
841 2920 1001 2993 dilucide
1022 2918 1244 2991 stabiliendis
1263 2914 1437 2993 sufficere.
1498 2916 1644 3002 Honor,
1670 2936 1782 3011 quern
1808 2917 1953 2993 illustris
1974 2917 2179 2995 Academia

519 3068 668 3144 conatui
693 3084 778 3135 meo
804 3055 962 3145 detulit,
993 3056 1125 3137 utilem
1147 3081 1233 3154 curn
1258 3056 1328 3134 else
1348 3058 1441 3137 mihi
1468 3052 1659 3158 persuasrt;
1696 3067 1807 3156 atque
1831 3060 1879 3137 ad
1901 3058 2085 3160 objesium
2108 3061 2180 3140 hoc

512 3209 670 3286 arduum
692 3204 797 3280 novis
826 3202 925 3293 curis
947 3202 1197 3294 tradendum,
1229 3199 1597 3297 Dissertationemque
1626 3194 1665 3278 oi
1689 3211 1854 3299 tempore
1881 3203 1991 3280 nimis
2011 3207 2114 3288 brevi
2138 3205 2178 3286 de

459 3355 466 3368 ¹
514 3351 597 3426 loco
622 3349 745 3424 minus
767 3343 962 3422 commodo
980 3343 1219 3446 conscriptam
1239 3341 1500 3445 perficiendam
1520 3365 1581 3418 me
1597 3341 1860 3420 exstimulavit.

618 3490 805 3587 Scriptum
830 3507 977 3574 meum,
1005 3489 1105 3584 quod
1127 3507 1266 3564 novum
1284 3483 1466 3586 appellare
1484 3484 1579 3583 posse
1602 3487 1731 3578 credo,
1757 3486 1850 3588 juris
1866 3487 2002 3588 publici
2025 3509 2070 3564 eo
2088 3497 2178 3568 'con-

516 3630 692 3707 fidentius
717 3625 830 3714 sacio,
861 3626 962 3723 quod
987 3625 1105 3723 judici
1127 3653 1202 3704 non
1230 3627 1434 3722 incongruo
1456 3629 1529 3705 suit
1551 3629 1758 3728 probatum.
1817 3631 1960 3708 Turbas
1981 3629 2077 3702 inter
2092 3627 2177 3704 satis

357 3831 361 3838 .
418 3775 422 3784 “
516 3773 609 3874 proh
627 3769 729 3846 dolor
754 3781 879 3855 notas,
903 3768 1037 3864 quibus
1053 3769 1170 3868 patria
1189 3791 1273 3845 mea
1289 3769 1363 3846 fuit
1378 3769 1585 3866 exagitata,
1611 3759 1878 3868 uanqniutate
1896 3769 2009 3848 animi
2030 3769 2078 3844 ad
2098 3787 2178 3846 mei

516 3912 712 4020 ditandum
745 3907 940 3987 necessaria
968 3907 1042 3985 srui
1069 3935 1144 3986 non
1175 3921 1352 4008 poteram.
1421 3909 1580 3986 Amicus
1610 3933 1736 4000 meus,
1781 3913 1852 3988 Dn.
1887 3887 2194 4010 Pururnunux,

514 4055 632 4150 Phys.
656 4051 693 4128 dt
716 4053 834 4127 lllath.
851 4050 950 4126 Profa
972 4051 1010 4129 in
1029 4038 1271 4131 Universrtate
1285 4052 1528 4150 Tubingensr,
1553 4051 1739 4151 refugium
1760 4055 1859 4129 mihi
1875 4053 1998 4131 secum
2019 4057 2174 4136 obtulit:

516 4197 579 4271 ubi
611 4195 737 4269 studiis
767 4193 816 4270 ad
842 4193 1018 4270 levandos
1047 4195 1191 4271 dolores
1220 4196 1406 4284 intentus,
1443 4215 1528 4294 quae
1552 4195 1600 4271 ad
1627 4217 1762 4271 novam
1790 4195 2054 4275 Differtationis
2077 4217 2171 4275 meae

333 4409 341 4420 ,
468 4303 478 4323 ’
511 4311 736 4446 editionem,
753 4335 895 4411 dudum
910 4335 1285 4426 necessariamvisarn,
1311 4335 1455 4438 sparsim
1472 4359 1780 4437 praeparaveram,
1800 4339 1840 4414 in
1854 4338 2021 4416 ordinem
2033 4337 2169 4432 redegi,

422 4452 425 4458 ⁵
513 4478 553 4554 dt
576 4458 662 4553 curn
684 4477 804 4553 amico
825 4476 1113 4565 communicavi,-
1138 4475 1327 4576 ipsiusque
1344 4459 1814 4574 observationes'consului3
1852 4504 1926 4580 quo
1947 4483 2079 4560 fadum
2100 4477 2169 4554 alie
2217 4551 2220 4559 ,

505 4614 633 4718 spero,
656 4631 722 4707 ut,
748 4618 849 4717 quod
870 4617 1014 4717 publico
1032 4643 1132 4697 nunc
1152 4619 1285 4710 offero,
1308 4621 1483 4723 scriptum
1508 4622 1600 4702 utile
1625 4620 1668 4698 iit
1693 4645 1761 4698 nec
1781 4619 1864 4722 ejus
1882 4621 2085 4702 attentione
2110 4620 2168 4696 in·
2206 4667 2208 4671 -

509 4762 678 4857 dignum.
1749 4853 1753 4862 Ι

404 5015 408 5020 ,
469 4949 475 4960 .
559 4959 563 4966 .
607 4905 719 5003 Juxta
742 4901 911 4998 ejusdem
931 4906 1127 5006 omiciper
1144 4905 1271 5008 literas
1286 4917 1397 4988 antea
1413 4905 1659 5003 jmnmecum
1674 4911 1979 5009 communicatas,
2005 4927 2074 4980 nec
2089 4929 2163 5010 nop
2239 4945 2267 5002 ‚-

488 5046 594 5155 'Dnh
611 5031 831 5134 Parvum,
847 5043 945 5122 Pros.
969 5045 1107 5163 Philus.
1128 5017 1368 5134 chevcnsrs,
1400 5044 1439 5120 in
1459 5043 1752 5134 Dissertationem
1779 5073 1900 5149 meam
1921 5047 2074 5150 praemio
2102 5071 2161 5124 or·
2202 5141 2205 5148 Δ

2035 5199 2163 5267 natam
