5325 6300
2047 629 2123 718 ‘¹43

463 881 551 940 nem
568 856 703 955 essem
718 881 755 918 ·-·
773 819 1006 984 xorssgx)
1020 865 1032 938 ς
1057 837 1254 941 quaecasu,
1279 859 1355 937 quo
1374 862 1393 908 o
1410 871 1446 904 =
1462 843 1488 934 g
1505 873 1540 906 =
1557 838 2123 946 oe‚fitpr0parab0129929„·

462 1027 580 1128 Spero
598 990 742 1110 autern,
767 999 907 1095 tirones
922 1032 1051 1091 verum
1069 1007 1244 1085 illationis
1264 1003 1379 1105 hujus
1402 1003 1541 1082 sensum
1561 1006 1601 1085 δι
1624 1027 1765 1086 nexum
1780 1005 1862 1106 ejus
1878 1017 2124 1100 cumtheorig

464 1174 626 1251 limitum
657 1191 706 1244 ex
734 1161 1029 1267 praecedentibus
1054 1156 1245 1234 habituros
1274 1153 1343 1230 esse
1373 1153 1596 1254 perspeslum
1608 1173 1619 1246 3
1661 1175 1735 1230 nec
1748 1155 1794 1234 ob
1817 1157 2125 1246 introduttionem

309 1327 318 1334 '
462 1319 558 1395 sorte
580 1313 814 1390 necessariam
840 1305 1088 1409 symbolorum
1107 1309 1150 1399 ἑ,
1176 1307 1280 1398 (ἐν,
1313 1300 1375 1380 seu
1399 1329 1451 1392 oo,
1483 1317 1544 1366 00¹¹
1559 1299 1793 1400 procliviores
1812 1304 1890 1382 sore
1913 1307 1962 1384 ad
1982 1315 2125 1409 magni·
2230 1385 2231 1390 Ν

462 1460 612 1536 tudines
641 1459 759 1535 reales
782 1455 894 1554 signis
919 1453 979 1530 his
1009 1451 1305 1542 substernendas,
1342 1471 1454 1550 quam
1480 1447 1585 1548 proni
1613 1446 1759 1524 suerint·
1774 1447 1823 1524 ad
1852 1451 2126 1542 admittendam

463 1608 714 1703 quantitatum
739 1609 849 1704 (quas
863 1599 1019 1700 vocant)
1042 1599 1344 1697 imaginariamm
1366 1594 1615 1686 existentiam,
1640 1615 1795 1692 quarum
1811 1593 1976 1690 symbola
1993 1599 2032 1677 in
2048 1603 2123 1680 cal·

380 1805 402 1853 ,
460 1751 562 1828 culos
582 1751 682 1851 quasr
703 1751 898 1828 necessario
920 1750 1102 1848 irrepunt,
1128 1757 1195 1822 aut
1217 1742 1370 1844 majoris
1387 1741 1514 1820 saltem
1536 1741 1725 1820 facilitatis
1740 1740 1847 1818 causa
1862 1741 2096 1828 adhibentur.

560 1898 798 1998 Superfluum
816 1906 943 1972 autem
958 1893 1104 1982 censeo,
1128 1890 1362 1968 ostendendis
1376 1888 1654 1984 introduttionis
1673 1887 1857 1986 signorum
1871 1889 2007 1968 horum
2021 1917 2123 1974 com*

312 1999 324 2015 θ
378 2044 384 2053 ’
456 2046 577 2127 modis
594 2046 800 2136 iminorari,
825 2065 911 2146 quae
924 2041 1100 2141 frequens
1115 2038 1366 2119 recentiorum
1387 2037 1738 2118 mathematicorum
1756 2035 1841 2115 usus
1858 2035 2005 2115 abunde
2019 2059 2122 2124 com·

442 2193 594 2294 probat.

550 2354 589 2460 §.
618 2383 676 2458 97.
728 2360 962 2438 Sententiam
988 2357 1155 2459 pluribus
1175 2357 1238 2436 hic
1260 2355 1481 2459 expositam,
1516 2358 1616 2458 quod
1639 2353 1775 2433 scilicet
1801 2349 2007 2452 symbolum
2030 2354 2118 2452 {li-

449 2520 571 2594 gnum
589 2500 634 2600 srt
656 2501 975 2601 impossibilitatis,
999 2503 1163 2578 breviter
1185 2505 1263 2602 jam
1284 2507 1484 2602 attigeram
1498 2504 1538 2584 in
1554 2501 1819 2580 dissertatione:
1846 2505 2036 2603 Exppstioo
2058 2506 2120 2580 ele.
2188 2469 2192 2478 ’

449 2648 605 2720 mamre
623 2643 696 2725 &c
725 2644 895 2746 inprimis
917 2645 1008 2746 Cap.
1020 2634 1085 2723 XI.
1102 2667 1186 2744 pag.
1199 2658 1281 2737 158.
1295 2665 1376 2741 159.
1389 2653 1469 2742 165.
1524 2649 1694 2724 Eandem
1709 2649 1902 2745 profitetur
1919 2649 2119 2732 illesc·
2245 2669 2247 2674 ’

352 2878 355 2884 ,
446 2767 535 2870 nuit
568 2794 608 2868 in
638 2791 887 2870 dissertatione
917 2792 1091 2891 inscripta
1111 2791 1168 2866 De
1194 2793 1571 2868 transmeantium
1600 2799 1855 2893 geometrarum,
1891 2791 1951 2868 his
1974 2796 2115 2874 verbis:

445 2995 469 3032 „
494 2941 554 3018 Ex
572 2941 728 3038 vulgato
752 2950 884 3048 tangm
906 2975 944 3006 =
969 2888 1062 3000 Q
1086 2937 1231 3013 eruitur
1254 2948 1416 3036 tangens
1444 2939 1572 3038 anguli
1601 2939 1691 3018 resti
1715 2937 1859 3020 infinita
1889 2977 1940 3000 «-
1977 2979 2028 3003 -
2067 2981 2119 3008 ι-

445 3159 469 3197 ,,
493 3101 640 3183 Revera
662 3113 792 3181 autem
818 3004 1122 3201 anguuscisehus
1145 3123 1216 3178 nec
1235 3098 1399 3180 cosmum
1417 3103 1551 3195 habet,
1574 3123 1643 3180 nec
1664 3111 1894 3201 tangentem.
1945 3105 2118 3203 Cosmum

446 3304 470 3341 „
494 3272 570 3323 non
591 3248 730 3323 habere
750 3246 881 3341 utique
899 3246 1000 3331 dico,
1028 3267 1115 3317 cum
1130 3246 1233 3334 dico,
1254 3248 1339 3343 ejus
1358 3248 1520 3323 cosmum
1536 3242 1605 3324 else
1625 3282 1662 3315 ==
1677 3275 1700 3321 0
1708 3273 1720 3342 ;
1761 3251 1959 3329 nonenim
1983 3254 2116 3355 habet,
2207 3232 2211 3241 ‚
2298 3252 2299 3259 ἵ

356 3372 366 3385 ”
446 3448 469 3483 ,,
495 3390 560 3487 qui
575 3387 668 3463 nihil
687 3388 813 3465 habet.
864 3388 966 3465 Hinc
985 3384 1093 3465 facile
1115 3390 1353 3487 intelligitur,
1378 3399 1596 3488 tangentem
1619 3390 1734 3466 etiam
1755 3388 1892 3469 habere
1918 3420 1992 3477 non
2006 3406 2114 3503 posse.

446 3537 726 3635 „Tangentem
750 3532 877 3630 anguli
901 3532 990 3610 retii
1011 3532 1196 3612 infinitam
1219 3534 1289 3611 effe
1310 3534 1404 3613 nihil
1428 3535 1530 3614 aliud
1549 3536 1662 3625 dicit,
1697 3553 1808 3631 quam
1831 3539 1959 3635 anguli
1984 3548 2033 3621 ad
2056 3573 2116 3629 re.
2166 3616 2171 3623 ,

446 3734 470 3776 ,,
494 3683 594 3761 dum
618 3681 814 3759 crescentis
838 3693 1057 3782 tangentem
1079 3681 1240 3761 crescere
1260 3681 1358 3758 ultra
1381 3706 1511 3763 omnes
1529 3661 1684 3767 limites,
1716 3677 1770 3754 ita
1789 3686 1834 3755 ut
1854 3677 1996 3759 cosmus
2018 3688 2114 3773 infra

446 3886 471 3922 „
495 3854 626 3908 omnes
650 3830 789 3909 limites
810 3830 998 3909 decrescit.
1050 3830 1108 3909 Eo
1125 3839 1334 3916 momento,
1360 3851 1435 3927 quo
1458 3827 1617 3925 angulus
1633 3825 1677 3903 fit
1694 3824 1832 3917 relius,
1857 3828 1992 3910 cellant
2009 3842 2112 3920 notio

445 4036 468 4075 „
493 3980 683 4079 tangentis
705 3976 744 4057 dt
765 3977 930 4074 cosmus,
961 3978 1034 4057 hoc
1059 3974 1281 4064 discrimine,
1308 3974 1408 4073 quod
1429 3975 1469 4051 in
1485 3994 1573 4049 eum
1591 3956 1748 4063 statum,
1772 3986 1817 4051 ut
1840 3974 1982 4055 cosmus
2007 3985 2113 4067 notio

448 4180 471 4216 ,‚
497 4125 624 4215 cesset,
648 4146 708 4233 res
730 4124 887 4203 dedutta
906 4122 950 4201 srt
967 4120 1156 4224 perpetuis
1178 4120 1425 4199 decrementis
1448 4120 1590 4201 cosmus
1597 4142 1609 4217 ;
1640 4121 1680 4200 in
1696 4144 1784 4201 eum
1803 4142 1912 4213 vero,
1937 4092 1981 4201 ut
2000 4128 2111 4211 cesset

443 4326 468 4363 „
493 4270 597 4348 notio
622 4270 828 4366 tangentis,
858 4271 1061 4373 perpetuis
1078 4268 1318 4349 incrementis
1346 4272 1546 4369 tangentis.
1555 4240 1583 4363 „⁵
1652 4268 1713 4349 Ac
1741 4268 1953 4370 nuperrime
1981 4272 2106 4367 celeb.

446 4418 577 4499 Abbas
601 4415 753 4494 Gnoso
783 4418 824 4495 in
850 4422 943 4494 novis
959 4420 1200 4495 Commentariis
1214 4420 1397 4497 Academia
1417 4421 1594 4522 Turinensts
1616 4418 1657 4499 T.
1677 4416 1719 4495 Π.
1746 4417 1847 4495 idem
1871 4418 1985 4495 tradit
2008 4416 2109 4517 judi·

445 4565 546 4643 cium
569 4564 630 4642 his
646 4562 802 4662 aliisque
819 4568 961 4645 uerbis:
1008 4570 1121 4660 „Que
1136 4567 1209 4645 l’on
1228 4569 1412 4647 demande
1434 4580 1449 4640 t
1468 4579 1570 4667 tang.
1590 4567 1637 4645 de
1652 4588 1686 4641 z.
1736 4565 1839 4641 Dans
1859 4585 1902 4638 ce
1916 4562 2129 4661 probleme·
2168 4662 2175 4669 .

447 4768 471 4805 ,‚
496 4734 540 4788 ce
560 4708 648 4789 n'est
670 4712 775 4813 point
792 4712 830 4790 la
847 4712 1000 4813 position
1017 4716 1064 4794 de
1085 4729 1116 4807 t,
1132 4715 1216 4793 dest
1241 4714 1278 4793 la
1298 4716 1483 4815 grandeur
1507 4714 1553 4791 de
1575 4729 1606 4808 t,
1642 4736 1717 4828 que
1741 4710 1814 4788 l’on
1837 4722 1938 4787 veut.
1995 4710 2105 4792 Cette

279 4904 290 4915 -
447 4913 471 4950 „
496 4858 680 4957 grandeur
706 4856 758 4935 est
783 4858 820 4936 la
846 4858 1004 4941 distance
1023 4865 1076 4942 du
1104 4864 1210 4966 point
1235 4862 1550 4941 d'attcuchement
1574 4860 1598 4937 al
1620 4858 1872 4937 l’interseition
1892 4856 1939 4935 de
1960 4854 1996 4935 la
2022 4871 2106 4938 tan*
2185 4842 2208 4849 ‘¹

422 4998 425 5002 ¹
447 5051 472 5100 o·
496 4992 664 5107 gente&
685 5005 732 5084 de
754 5002 792 5084 la
810 5005 978 5098 secante,
1001 5012 1066 5109 qui
1084 5011 1153 5091 fait
1173 5012 1306 5112 l’angle
1328 5032 1354 5087 a
1382 5032 1472 5091 avec
1495 5008 1530 5091 le
1550 5012 1659 5087 raico
1682 5004 1995 5109 perpendiculaire
2019 5002 2043 5080 al
2066 5000 2104 5079 la

1968 5202 1991 5241 ,‚
2019 5158 2101 5226 tan·
