5325 6300
591 617 663 699 ¹98

584 779 671 859 licie
688 785 815 861 conica
833 789 1095 877 terminatum,
1116 787 1252 866 dicitur
1272 811 1388 880 coner,
1413 791 1475 868 seu
1492 793 1645 874 solidum
1667 797 1857 896 conicum3
1884 805 1923 886 dr
1940 809 2060 910 ligura
2075 813 2147 916 ipsa
2167 815 2251 918 eius

580 926 670 1020 tqts.
720 927 835 1005 Retia
858 953 906 1006 ex
923 931 1064 1007 vertice
1084 931 1122 1004 in
1141 928 1290 1026 planum
1308 932 1402 1012 bafis
1418 941 1766 1038 perpendiculariter
1786 946 1936 1026 demissa
1953 969 2106 1033 vocatur
2120 963 2251 1034 altitudo

582 1067 678 1144 coni.
730 1071 773 1148 Si
799 1069 894 1148 basis
916 1074 1031 1150 habet
1048 1085 1217 1150 centrum
1239 1075 1388 1172 figurae,
1414 1081 1454 1160 dr
1479 1083 1637 1161 altitudo
1660 1088 1743 1162 coni
1763 1088 1874 1189 plano
1896 1093 1990 1173 basis
2016 1099 2055 1178 in
2074 1099 2146 1176 hoc
2165 1125 2253 1182 cen·

580 1219 642 1288 tro
659 1215 837 1306 occurrit;
862 1237 977 1288 conus
1000 1225 1155 1292 vocatur
1169 1216 1296 1340 ferto:
1333 1221 1360 1299 sr
1385 1223 1505 1322 secus3
1533 1251 1648 1304 conus
1673 1227 1724 1306 est
1742 1235 1896 1332 obsrqous.

682 1367 725 1446 Si
750 1391 865 1446 conus
886 1368 997 1468 plano
1017 1369 1159 1452 secetur
1186 1377 1262 1458 basi
1287 1382 1479 1482 parallelo:
1521 1384 1641 1483 ligura
1664 1387 1827 1468 teutonis
1857 1391 1932 1470 basi
1958 1393 2084 1474 srmilis
2104 1397 2174 1495 est;
2210 1401 2249 1482 dt

583 1511 827 1594 dimensiones
850 1510 1061 1612 homologae
1078 1517 1243 1600 sessionis
1266 1545 1310 1618 ac
1331 1523 1426 1604 basis
1446 1525 1529 1608 sunt
1548 1531 1646 1610 inter
1668 1532 1703 1610 se
1727 1535 1784 1612 uti
1803 1533 1983 1616 distantiae
2005 1541 2107 1642 plani
2129 1541 2250 1624 secan·

585 1657 638 1735 tis
662 1655 701 1736 dt
724 1655 818 1736 basrs
841 1655 1024 1734 avertice
1044 1663 1139 1740 coni.

684 1811 769 1892 Sint
793 1811 870 1888 duo
893 1813 978 1888 coni
997 1815 1193 1912 aequealti3
1226 1821 1330 1898 bases
1352 1847 1480 1904 eorum
1503 1829 1541 1904 in
1565 1831 1696 1908 eodem
1724 1829 1835 1932 plano
1856 1831 2022 1933 jaceant,
2048 1837 2100 1916 ita
2119 1849 2161 1916 ut
2182 1841 2248 1942 ipsi

585 1954 660 2034 stnt
680 1953 806 2034 versuo
828 1955 981 2030 easdem
999 1953 1115 2054 hujus
1141 1960 1241 2060 plani
1268 1979 1392 2064 partes
1414 1969 1482 2048 siti
1534 1971 1710 2052 Altitudo
1727 1977 1934 2052 communis
1959 1977 2115 2054 duorum
2140 2007 2250 2060 cono·

581 2120 672 2179 rum
698 2097 886 2176 dividatur
913 2097 954 2173 in
974 2111 1100 2198 partes
1128 2118 1367 2208 quotcunque
1394 2115 1579 2212 aequales:
1616 2117 1655 2195 dt
1681 2119 1827 2216 utrique
1853 2115 2092 2194 inscribantur
2113 2143 2157 2195 ac
2180 2127 2252 2202 cir-

583 2239 876 2318 cumscribantur
898 2238 1075 2340 prismata
1097 2249 1282 2348 aequealta
1304 2253 1355 2328 ad
1377 2279 1545 2334 normam
1569 2255 1597 2360 §
1618 2261 1725 2360 prirni
1749 2258 1910 2358 exempli
1936 2258 2036 2334 tertii
2043 2283 2054 2352 3
2090 2284 2251 2360 quorum

584 2383 690 2462 bases
717 2381 788 2459 srnt
812 2380 943 2480 figrnae
970 2381 1106 2464 ssmiles
1131 2389 1347 2472 teutonibus
1372 2397 1479 2478 srmul
1502 2401 1684 2504 inscriptae
1711 2415 1777 2478 aut
1801 2401 2092 2502 circumscriptae.
2164 2409 2251 2486 Duo

584 2525 766 2628 prismata
782 2525 822 2602 in
841 2535 1000 2626 utroque
1021 2553 1118 2606 cono
1134 2531 1201 2610 ubi
1222 2536 1385 2616 invicem
1406 2543 1662 2643 respondentia
1687 2545 1775 2642 (seu
1792 2569 1813 2620 a
1836 2546 1973 2622 vertice
1997 2547 2081 2622 coni
2101 2553 2252 2650 aequali·

586 2676 649 2744 ter
667 2667 864 2764 durantia)
888 2668 1028 2748 suntin
1042 2673 1186 2750 ratione
1201 2681 1382 2762 constanti
1400 2683 1542 2764 batum
1559 2687 1722 2779 suarum,
1747 2688 1808 2766 seu
1830 2689 1869 2764 in
1892 2691 2033 2766 ratione
2051 2692 2253 2790 figurarum

586 2809 733 2890 bantus
758 2837 936 2892 conorum
959 2813 1064 2892 simul
1089 2818 1346 2926 inscriptorum
1367 2843 1434 2908 aut
1453 2831 1830 2932 circumscriptarum
1861 2832 2011 2926 proinde
2035 2831 2074 2906 dc
2096 2834 2250 2916 summae

586 2953 723 3032 horum
749 2957 970 3056 prismatum
996 2955 1080 3036 sunt
1103 2961 1144 3050 in
1166 2969 1299 3076 eadem
1326 2975 1470 3049 ratione
1496 2973 1681 3046 constanti.
1752 2971 1872 3047 Quare
1892 2967 1931 3036 dr
1953 2967 2090 3038 limites
2110 2971 2246 3048 harum

568 3097 835 3185 summarum,
865 3120 999 3199 nempe
1019 3101 1094 3178 duo
1118 3107 1220 3201 coni,
1257 3111 1340 3189 lunt
1362 3111 1417 3187 uti
1437 3108 1574 3185 limites
1599 3105 1797 3197 figurarum
1820 3097 1965 3177 basibus
1989 3101 2249 3202 inscriptorum

587 3238 630 3315 dr
650 3236 1023 3338 circumscriptarum,
1045 3244 1107 3324 seu
1125 3262 1170 3329 ut
1193 3254 1279 3353 ipsae
1300 3254 1411 3331 bases.
1468 3244 1579 3321 Ratio
1601 3241 1715 3339 igitur
1740 3240 1900 3316 duorum
1919 3263 2096 3317 conorum
2122 3262 2251 3345 aeque·

586 3380 750 3458 altorum
769 3382 922 3481 aequalis
944 3384 997 3461 est
1015 3390 1151 3469 rationi
1173 3394 1310 3470 basium
1328 3410 1467 3463 eorum.

687 3546 807 3647 Atqui
831 3548 927 3623 ratio
953 3550 1091 3633 tanum
1116 3554 1268 3654 aequalis
1296 3550 1348 3627 est
1376 3554 1511 3631 rationi
1538 3550 1791 3653 cylindrorum
1814 3550 2081 3649 aequealtorum
2104 3516 2245 3628 balbus

585 3691 659 3771 illis
681 3688 931 3768 inssstentium.
981 3694 1138 3773 Proinde
1155 3696 1238 3771 coni
1260 3696 1437 3795 aequealti
1455 3698 1554 3773 inter
1577 3696 1613 3773 se
1635 3694 1718 3772 sunt
1738 3695 1795 3771 uti
1818 3694 1975 3793 cylindri
1993 3690 2166 3791 aequealti
2184 3692 2249 3771 its·

586 3834 676 3907 den
699 3828 1077 3913 bafibus‘insrstentes.

685 3982 761 4062 Sed
785 4010 900 4065 conus
931 3986 1116 4066 circularis
1144 3986 1198 4067 est
1223 4014 1308 4093 pars
1335 3992 1446 4073 tertia
1469 3990 1629 4093 cylindri
1657 3988 1844 4066 circularis
1864 3981 2040 4084 aequeatti
2060 3980 2166 4085 super
2183 3991 2251 4065 'ea-

588 4128 677 4205 dem
702 4126 789 4207 basi.
842 4130 1006 4209 Proinde
1028 4152 1146 4211 conus
1170 4134 1326 4237 quilibet
1355 4162 1441 4241 paru
1468 4134 1521 4215 est
1546 4134 1658 4213 tertia
1679 4129 1838 4229 cylindri
1856 4127 2032 4227 aequealti
2054 4128 2248 4229 eidemque

515 4356 519 4362 ,
585 4238 887 4352 tentamentis.
1716 4285 1719 4293 ⁴
1864 4342 1866 4349 ,

683 4414 956 4496 Determinatio
979 4416 1094 4517 igitur
1111 4426 1328 4527 capacitatis
1348 4426 1513 4529 cujusvis
1529 4418 1632 4502 solidi
1650 4412 1769 4493 conici
1793 4413 1985 4493 reducitur
2006 4416 2055 4493 ad
2073 4415 2250 4495 detenui-
2283 4458 2290 4467 ·

580 4561 773 4639 nationem
794 4558 900 4639 bans.
1682 4578 1690 4586 '

686 4738 726 4845 §·
760 4768 842 4844 135.
893 4750 1011 4832 Secus
1035 4761 1163 4831 autern
1185 4778 1246 4833 res
1273 4756 1388 4835 habet
1415 4752 1515 4853 quod
1544 4750 1593 4829 ad
1621 4746 1849 4850 superficiem
1880 4748 2072 4827 solidorum
2101 4736 2245 4817 consco-

585 4904 682 4964 rum.
729 4888 873 4968 Notum
888 4894 965 4981 est,
988 4857 1215 4991 superficiem
1237 4898 1321 4971 coni
1336 4898 1424 4974 resti
1440 4896 1626 4973 circularis
1649 4918 1672 4971 a
1693 4891 1985 4971 circumferentia
2006 4881 2130 4961 circuli
2152 4906 2243 4982 pen·

584 5028 685 5113 dere.
744 5032 1014 5110 Determinatio
1036 5012 1164 5105 autem
1186 5032 1390 5134 superficiei
1411 5036 1495 5117 coni
1520 5038 1707 5118 circularis
1734 5035 1871 5135 obliqui
1894 5038 1915 5123 s
1922 5024 2027 5123 cujus
2046 5022 2247 5151 ξῦνθίῗῑὲἃ·

2152 5164 2245 5245 tioni
