5325 6300
570 635 639 708 128

570 799 741 902 pollibilis
760 799 825 889 i'it,
848 825 919 880 nec
936 828 1004 900 ne;
1039 807 1101 884 seu
1123 803 1381 903 inquirendum
1399 804 1450 881 est
1475 800 1719 914 iurationem
1748 803 2018 898 velocitatem:
2032 831 2105 910 qua
2133 833 2231 914 pm.

575 945 672 1020 ditia
689 943 899 1043 polsibilitas
924 963 991 1026 aut
1009 947 1269 1048 imputribilitas
1292 946 1570 1024 determinatur.
1623 947 1830 1044 Algebrista
1852 961 1978 1027 autem
1997 975 2071 1026 non
2090 951 2231 1054 semper
2305 947 2313 960 '

456 1108 461 1118 ·
572 1087 626 1162 ita
648 1099 756 1162 caute
781 1091 965 1190 procedit,
997 1111 1115 1185 neque
1135 1089 1275 1188 semper
1296 1091 1476 1191 praevium
1499 1089 1570 1164 hoc
1597 1113 1754 1164 examen
1780 1087 1947 1164 instituit.
2012 1089 2230 1168 Universali·

571 1228 664 1304 tatis
685 1231 828 1324 (nimio
852 1228 1099 1330 quandoque)
1125 1229 1243 1308 studio
1266 1229 1441 1333 impulsus
1459 1229 1635 1308 formulas
1656 1230 1790 1327 quaerit
1817 1229 2027 1328 generales,
2066 1255 2157 1328 quas
2181 1233 2229 1310 ad

533 1365 541 1380 '
571 1393 701 1446 omnes
724 1371 873 1455 omnino
897 1370 1000 1446 casus
1025 1368 1171 1448 lleiiere
1195 1371 1344 1468 satagit,
1378 1371 1417 1449 dc
1438 1372 1485 1449 iis
1507 1373 1621 1448 etlam
1642 1372 1841 1472 applicare,
1868 1348 1918 1448 ad
1936 1392 2030 1468 quos
2044 1393 2119 1446 non
2140 1395 2229 1470 qua-

572 1511 699 1606 drant3
723 1512 822 1610 quod
838 1512 910 1587 hoc
933 1511 1008 1612 ipso
1031 1516 1204 1614 exemplo
1226 1513 1379 1612 patebit.
1446 1519 1450 1530 '

534 1681 539 1690 ¹
575 1657 586 1672 “
668 1653 754 1732 Sint
778 1630 954 1729 nimirum
975 1646 1027 1740 V,
1052 1676 1091 1742 v,
1123 1655 1340 1731 velocitates
1366 1657 1465 1734 datae
1491 1655 1648 1730 duorum
1671 1654 1855 1731 viatorum
1881 1653 1934 1740 A,
1959 1653 2010 1738 B,
2035 1651 2231 1732 intervallo

571 1796 608 1866 il·
636 1799 672 1870 D
702 1798 872 1897 primitus
900 1795 1061 1872 invicem
1089 1796 1323 1888 distantium,
1356 1799 1523 1898 &juxta
1547 1795 1702 1872 eandem
1723 1795 1871 1894 plagam
1894 1793 2229 1896 progredientium,

570 1929 625 2020 ita
647 1950 691 2017 ut
711 1943 752 2014 A
772 1937 888 2039 ipsum
914 1943 951 2012 B
978 1937 1226 2037 persequatur.
1285 1939 1553 2020 Velocitate'V
1568 1937 1682 2043 posita
1706 1935 1846 2040 majore
1868 1945 1983 2040 quam
2007 1957 2050 2030 υς
2082 1937 2227 2035 quando

570 2083 690 2174 ¹viator
706 2087 745 2160 A
764 2085 921 2162 alterum
940 2085 975 2155 B
994 2079 1165 2176 attingit,
1190 2082 1264 2158 erit
1757 2067 1763 2081 ’

671 2243 732 2322 via
754 2247 800 2326 ab
827 2249 859 2324 B
882 2245 1049 2348 percursa
1097 2247 1139 2321 D
1162 2268 1193 2330 χ
1224 2217 1311 2387 ᾗ

690 2546 710 2568 -
764 2543 783 2572 ι
830 2511 874 2585 A
915 2551 934 2572 ·
994 2550 1013 2568 ·
1100 2511 1142 2586 D
1164 2531 1194 2592 ><
1224 2454 1329 2652 pls-⁰3
1361 2503 1589 2590 &formulae
1607 2507 1668 2588 hae
1688 2516 1774 2609 apte
1797 2503 1946 2586 omnino
1967 2508 2227 2607 repraesentant

570 2669 712 2763 casum,
735 2698 809 2774 quo
826 2677 868 2754 V
872 2691 911 2765 >
930 2699 961 2749 v.

670 2835 878 2936 Algebrista
901 2850 1048 2928 autem,
1066 2858 1196 2914 omnes
1210 2835 1405 2910 univerlim
1420 2835 1521 2908 casus
1539 2854 1612 2906 una
1633 2833 1837 2922 eademque
1852 2823 2008 2896 formula
2030 2829 2221 2924 complesti

571 2977 760 3076 satagens,
785 2985 917 3086 quaerit
939 2984 1075 3093 etiam:
1102 2977 1191 3069 quid
1209 2971 1318 3062 juxta
1339 2988 1402 3036 eas
1418 2965 1500 3046 fiat,
1525 2966 1551 3036 si
1575 2963 1619 3028 V
1625 2969 1652 3052 Ξ
1670 2962 1720 3034 o?

672 3123 765 3203 casu
785 3141 928 3223 autem,
953 3142 1025 3215 quo
1045 3111 1088 3181 V
1091 3139 1126 3169 =
1143 3127 1181 3188 v,
1207 3095 1447 3197 expressiones
1465 3095 1661 3195 spatiorum
1679 3099 1724 3197 ab
1740 3107 1896 3195 unoque
1915 3095 2054 3181 viatore
2072 3121 2224 3199 percura

570 3264 690 3347 sorum
712 3266 1015 3347 transformantur
1033 3249 1073 3327 in
1090 3246 1187 3322 lianc
1208 3248 1246 3320 D
1264 3268 1294 3327 ><
1312 3246 1358 3339 ἐς
1385 3238 1492 3338 eujus
1512 3238 1815 3338 significationem
1837 3236 1988 3313 definire
2005 3250 2162 3337 oportet.

621 3500 625 3513 ,
667 3436 719 3514 Ut
743 3452 828 3509 cum
850 3412 950 3496 sensu
970 3411 1161 3493 communi
1184 3409 1391 3512 responsum
1413 3406 1484 3483 hoc
1507 3404 1666 3505 algebrae
1690 3404 1903 3491 conveniat,
1929 3400 2036 3481 aliter
2060 3402 2151 3481 illud
2167 3405 2223 3483 in.
2270 3408 2274 3417 ·

569 3576 763 3692 terpretari
785 3583 856 3640 1¹⁰⁰
882 3555 1040 3655 P⁰ffl¹¹¹¹2
1065 3554 1130 3633 nisi
1149 3555 1327 3633 dicendo:
1359 3550 1451 3652 illud
1466 3548 1631 3629 indicare
1651 3546 1899 3630 exclusionem
1921 3546 1984 3621 seu
2002 3544 2226 3642 impolsibiliq

567 3696 685 3807 tarem
707 3696 874 3785 occursus
902 3699 1025 3775 mutui
1052 3699 1247 3794 viatorum.
1309 3692 1542 3791 Algebraista
1568 3702 1694 3781 autem
1716 3692 1764 3765 de
1790 3684 1939 3771 occursu
1960 3694 2093 3759 mutuo
2117 3684 2221 3785 loqui

572 3857 749 3970 pergen-‘ii
773 3838 863 3917 dum
886 3842 934 3919 de
955 3840 1019 3921 illo
1039 3843 1102 3943 agi
1124 3839 1282 3942 anplius
1301 3857 1376 3931 non
1389 3830 1524 3934 potest,
1548 3832 1710 3909 viatores
1719 3829 1792 3927 ,sibi
1817 3836 1948 3905 mutuo
1970 3846 2160 3901 occimere
2180 3826 2219 3903 in

565 3996 706 4101 Μ
726 3982 849 4083 ‘'stiffi'‘
865 3986 1089 4088 pronuntiat.
1140 3984 1234 4071 Quae
1254 3976 1431 4078 loquendi
1446 3976 1563 4053 forma
1584 3970 1856 4070 rite'explicata
1877 3966 1970 4043 niliil
1990 3966 2091 4043 aliud
2111 3966 2219 4066 signi.

567 4146 677 4223 ficare
696 4130 831 4238 potest,
857 4154 970 4233 quani
983 4131 1107 4205 locum
1122 4122 1291 4203 occursus
1303 4118 1427 4197 mutui
1444 4116 1628 4195 viatorum
1642 4115 1714 4191 lioc
1731 4110 1814 4192 casu
1827 4108 1996 4208 assignari
2017 4134 2092 4189 non
2106 4110 2199 4210 posse
2205 4133 2220 4205 3

567 4300 639 4359 nec
662 4277 767 4357 ullibi
793 4300 958 4375 unquam
987 4248 1234 4360 viatores'lsibi
1253 4272 1386 4337 mutuo
1410 4278 1611 4334 occurrere.
1670 4252 1891 4349 Symbolum
1917 4254 2031 4351 iginii
2052 4258 2107 4347 g„
2120 4250 2221 4349 quod

562 4425 732 4519 firmuis
748 4411 1042 4520 praecedentibus
1058 4406 1153 4487 casui
1167 4404 1255 4481 liiiio
1265 4402 1455 4502 applicatis
1472 4396 1732 4484 introducitur,
1759 4394 1807 4473 de
1825 4394 2102 4495 irnpollibilitate
2117 4414 2220 4494 quae·

564 4564 690 4642 stionis
721 4587 820 4642 nunc
846 4551 1036 4664 propositae
1061 4570 1130 4627 nos
1152 4554 1301 4634 monet,
1341 4544 1474 4619 eodeni
1503 4538 1645 4642 prorius
1672 4538 1801 4629 modo,
1843 4563 1916 4638 qno
1947 4538 2048 4635 signa
2073 4538 2222 4619 Υ-ι,

565 4676 692 4806 ’ῥ’-ι
717 4726 1038 4827 impollibilitatem
1055 4718 1193 4797 docent
1214 4708 1401 4789 solutionis
1421 4705 1761 4807 &repugnantiam
1776 4717 1946 4782 mutuam
1966 4702 2217 4785 conditionum

562 4868 852 4975 problematum,
877 4886 1036 4963 quorum
1059 4875 1237 4963 tanquam
1252 4852 1468 4957 podibilium
1486 4848 1652 4929 mentio
1673 4847 1879 4949 algebraiea
1896 4846 1996 4945 signa
2019 4842 2079 4915 illa
2101 4838 2218 4913 intro·

564 5015 702 5093 ducere
726 5003 860 5102 coegit

1981 5238 1991 5249 .
2081 5124 2221 5213 Quam·

2333 267 2365 275 ’
2480 267 2487 616 l
