5325 6300
565 660 610 721 12

603 816 695 901 Ergo
821 806 1072 907 ireMQqP'
1090 826 1102 873 t
1122 802 1392 875 uest-PRR‘P
1410 840 1449 879 a
1509 808 1765 895 teytpnrnw
1821 816 2110 905 siquenm*

601 942 658 1011 seu
820 934 1102 1037 ίκρὶΡῼᾳΡε
1152 934 1371 1004 remansi)
1409 964 1447 1001 a
1507 936 1770 1025 reynerum?
1823 946 2055 1031 :eptam

597 1074 689 1159 ¹¹8⁰
752 1062 1107 1164 limirettcPQqFr
1154 1064 1374 1159 remanum
1407 1092 1445 1125 ε
1472 1066 2057 1159 rrm.t.cyr.PMmuzcy1.auuu

603 1198 668 1267 ser
707 1196 938 1283 (uruca)
1065 1192 1389 1291 uacuasque
1418 1220 1456 1255 ε
1485 1167 1703 1301 gangano

1058 1320 1392 1409 umneytPMmit
1413 1344 1452 1379 ε
1479 1326 1673 1411 parabolo'idi
1689 1320 1842 1391 AMSB.

468 1428 475 1445 '
597 1448 689 1537 nuo
896 1450 1115 1541 trungASB
1134 1473 1144 1519 ι
1165 1450 1386 1521 amasso
1413 1484 1452 1519 ..
1477 1450 1732 1539 munnae
1755 1474 1765 1521 ε
1786 1450 1993 1537 cycnnso

596 1576 661 1643 Sd
894 1578 1107 1667 itieng.ASB
1125 1604 1164 1637 ε
1182 1581 1286 1688 {aa
1295 1574 1429 1647 ΑΒΜ]

598 1704 690 1785 ntro
826 1744 844 1759 -
922 1742 940 1759 -
1019 1752 1036 1765 -
1116 1748 1134 1764 -
1212 1752 1230 1765 -
1310 1748 1328 1765 -
1405 1692 2057 1816 ·,po·b.nnrsn=p0y1.nncn.

560 1832 647 1909 Hoc
671 1830 741 1909 est:
775 1834 1032 1933 parabololdes
1057 1840 1253 1938 gyratione
1279 1839 1425 1917 dimidii
1445 1840 1624 1941 legmenti
1643 1841 1840 1943 parabolici
1869 1842 1965 1919 circa
1990 1866 2100 1923 axem
2123 1844 2231 1923 suurn

563 1976 691 2072 genita
716 1975 769 2053 est
783 1976 959 2081 subdupla
977 1984 1138 2081 cylindri
1155 1980 1428 2083 circumscripti.

656 2145 825 2223 &baliam
874 2146 1058 2251 Exempla
1083 2150 1166 2231 haec
1188 2154 1394 2247 declarant,
1429 2152 1615 2257 quomodo
1643 2152 1791 2251 cognita
1815 2154 1958 2233 ratione
1980 2154 2136 2231 duorum
2161 2176 2229 2229 ex·
2361 2243 2367 2253 ⁸

556 2268 892 2387 temomm'sapius
905 2290 1143 2372 determinari
1164 2298 1268 2393 polin
1287 2300 1401 2383 ratio,
1430 2316 1541 2389 quam
1561 2292 1722 2370 invicem
1739 2292 1879 2375 habent
1901 2298 1976 2373 duo
1995 2296 2065 2371 alia
2082 2288 2230 2369 extensa

557 2428 742 2521 prioribus
759 2426 1018 2523 heterogenea.
1070 2431 1112 2506 ln
1131 2430 1243 2530 priori
1263 2433 1453 2530 exemplo,
1478 2434 1573 2509 ratio
1588 2436 1694 2525 data,
1718 2456 1830 2535 quarn
1848 2438 1980 2513 mutuo
2002 2438 2143 2515 habent
2167 2460 2229 2513 co·

557 2588 631 2641 nus
652 2564 691 2643 dt
711 2563 901 2663 cylindrus
918 2570 1026 2667 aeque
1042 2570 1110 2647 alti
1131 2568 1237 2671 super
1261 2572 1393 2651 eadem
1410 2572 1501 2662 basr,
1537 2577 1695 2650 deduxit
1713 2579 1761 2651 ad
1783 2578 1985 2667 rationem,
2011 2600 2095 2675 quae
2116 2581 2232 2655 inter·

561 2710 663 2785 cedit
683 2710 782 2788 inter
803 2710 999 2789 dinudium
1023 2713 1257 2812 segmentum
1277 2718 1462 2815 parabolae
1482 2714 1520 2793 dt
1540 2716 1794 2815 retiangulum
1820 2716 2132 2809 circumscriptum
2142 2740 2154 2806 5
2187 2718 2228 2791 in

560 2850 765 2952 posteriori,
803 2856 901 2933 ratio
928 2856 1016 2933 data
1041 2856 1218 2950 trianguli
1245 2856 1286 2931 dr
1308 2857 1510 2943 retianguli
1539 2857 1646 2943 aeque
1672 2853 1833 2921 altorum
1860 2848 1966 2945 super
1991 2843 2124 2923 eadem
2152 2848 2227 2923 ban

521 3008 524 3015 ’
559 2990 663 3065 idem
681 2993 851 3085 praestitit
866 3011 933 3082 pro
949 2988 1186 3082 paraboloi'de
1207 2983 1248 3057 dc
1271 2980 1440 3075 cylindro
1463 2984 1550 3055 huic
1571 2982 1852 3079 circumscripto.

656 3165 697 3270 §.
723 3171 757 3242 b.
811 3168 996 3241 Tleorona·
1047 3170 1132 3248 Sint
1161 3169 1247 3247 duae
1269 3180 1337 3246 aut
1356 3167 1479 3270 plures
1499 3163 1731 3268 quantitates
1754 3165 1972 3258 mutabiles,
2007 3189 2091 3274 quae
2120 3165 2225 3248 simul

560 3309 642 3387 fieri
662 3307 790 3410 poffint
809 3309 971 3388 minores
986 3331 1205 3410 quacunque
1230 3281 1439 3412 quantitate
1461 3305 1660 3412 proposita:
1689 3309 1773 3390 dico
1789 3331 1917 3391 earum
1938 3309 2118 3392 summam
2131 3307 2227 3411 polle

558 3453 672 3530 etiam
691 3476 910 3555 quacunque
927 3454 1014 3534 data
1032 3455 1240 3554 quantitate
1260 3453 1343 3534 fieri
1359 3457 1552 3563 minorem.

658 3593 744 3674 Sint
767 3623 810 3688 x,
833 3620 877 3697 y,
901 3619 945 3676 a.
969 3621 992 3668 v
1014 3648 1024 3668 ·
1047 3649 1058 3668 ·
1082 3651 1093 3668 ·
1117 3649 1161 3670 .·
1194 3601 1425 3700 quantitates
1447 3597 1665 3686 mutabiles,
1690 3619 1847 3696 quarum
1870 3617 2047 3676 numerus
2064 3621 2105 3684 n,
2143 3613 2229 3688 quac

494 3768 498 3774 “
558 3739 667 3816 simul
682 3718 768 3814 'fieri
793 3737 923 3835 poffint
943 3757 1161 3834 quacunque
1181 3737 1390 3833 quantitate
1409 3736 1589 3834 proposita
1607 3735 1789 3808 minores:
1827 3739 1927 3820 dico,
1960 3733 2139 3810 summam
2151 3732 2230 3808 Aha·

438 3966 443 3976 ,
559 3903 644 3957 rum
660 3877 912 3976 quantitatum
932 3875 1166 3960 mutabilium
1184 3873 1280 3978 polle
1294 3873 1376 3952 lieri
1390 3895 1610 3975 quacunque
1626 3875 1834 3972 quantitate
1850 3873 1937 3950 data
1953 3899 1972 3944 o
1990 3863 2204 3950 minorem.¹

657 4018 1015 4116 Etenimdividatur
1038 4021 1227 4122 quantitas
1245 4047 1265 4092 a
1281 4018 1323 4098 in
1343 4029 1402 4096 tot
1423 4027 1548 4121 partes
1570 4016 1752 4118 aequales,
1786 4029 1877 4116 quot
1896 4015 1978 4092 lunt
2002 4017 2228 4114 quantitates

561 4140 777 4240 mutabiles
820 4157 931 4236 Fiant
945 4157 1050 4239 simul
1074 4163 1194 4262 (quod
1213 4165 1377 4268 poffibile,
1395 4185 1461 4262 per
1485 4157 1594 4259 hyp.)
1618 4155 1769 4256 singulae
1785 4159 2011 4256 quantitates
2030 4159 2226 4234 mutabiles

561 4302 637 4376 uni
656 4299 984 4398 illarumpartium
1014 4302 1188 4382 minores.
1255 4301 1416 4382 Proinde
1445 4300 1586 4377 summa
1609 4299 1774 4382 omnium
1795 4301 2044 4400 quantitatum
2068 4293 2225 4375 mutabi-

562 4439 655 4517 lium
678 4439 798 4516 minor
823 4441 895 4516 erit
919 4445 1092 4540 praeditis
1105 4461 1230 4548 parte,
1255 4443 1369 4524 toties
1383 4445 1528 4548 sumpti
1547 4457 1639 4545 quot
1658 4439 1740 4524 sunt
1766 4443 1991 4544 quantitates
2009 4433 2223 4520 mutabiles,

562 4580 625 4658 seu
639 4581 760 4658 minor
776 4583 983 4681 quantitate
1003 4589 1195 4690 proposita
1221 4580 1224 4584 ⁵

661 4723 874 4797 coronarum
893 4751 926 4805 1.
977 4727 1116 4806 rdema
1134 4731 1277 4814 fortiori
1293 4727 1395 4814 valet
1418 4731 1466 4812 de
1490 4729 1697 4814 differentia
1725 4731 1881 4816 duarum
1904 4719 2088 4826 eiusmodi
2107 4737 2221 4812 quan-

560 4865 713 4942 titatum
732 4867 983 4983 mutabilium,
1016 4871 1057 4950 da
1079 4875 1127 4952 de
1149 4878 1311 4968 excelsu,
1349 4899 1423 4976 quo
1443 4878 1583 4958 summa
1606 4879 1744 4980 aliquot
1766 4868 1951 4978 ejusmodi
1970 4855 2219 4962 quantitatum

557 5008 791 5094 mutabilium
811 5007 955 5111 superat
975 5003 1157 5094 summam
1169 5011 1407 5118 reliquarum
1507 5107 1509 5112 ,

2097 5143 2216 5220 Corol-
