5325 6300
1774 705 1776 707 ,
2028 651 2097 730 193

544 807 584 916 ᾗ
611 825 692 905 13⁰·
741 800 843 880 Hinc
859 796 1093 876 deducuntur
1109 792 1279 876 methodi
1297 800 1468 870 centrum
1491 794 1684 898 gravitatis
1703 793 1867 899 cujusvis
1884 801 2014 903 figurae
2035 807 2101 885 de-

373 957 377 962 ’
422 951 681 1040 ,terminandi
747 945 892 1042 Nempe
917 941 1186 1020 determinetur
1208 937 1363 1016 solidum
1385 939 1567 1046 rotatione
1586 941 1717 1038 figurae
1736 945 1849 1044 hujus
1870 947 1966 1022 circa
1990 967 2101 1022 axem

444 1099 647 1200 quemlibet
670 1088 838 1186 genitum
845 1109 857 1179 ;
882 1087 984 1186 quod
1007 1084 1290 1162 transformetur
1314 1081 1357 1158 in
1375 1079 1530 1179 prisma,
1567 1081 1676 1181 cujus
1701 1085 1794 1164 bans
1819 1089 1863 1164 fit
1886 1088 1958 1186 ipsa
1981 1087 2100 1186 figura

442 1253 580 1321 rotata:
597 1229 763 1310 'altitudo
781 1227 895 1326 hujus
912 1226 1099 1328 prismatis
1118 1223 1314 1301 irnminuta
1335 1219 1374 1300 in
1395 1223 1537 1300 ratione
1561 1223 1867 1308 circumferentiae
1886 1231 1934 1308 ad
1955 1233 2100 1316 radium
2130 1228 2133 1234 ’

443 1383 514 1460 erit
538 1377 707 1457 distantia
728 1373 846 1450 centri
868 1369 1061 1470 gravitatis
1080 1364 1195 1464 hujus
1217 1364 1347 1462 figurae
1366 1363 1411 1441 ab
1428 1385 1500 1440 axe
1518 1366 1723 1446 rotationis.
1773 1370 1824 1444 Et
1840 1372 1992 1468 proinde
2011 1396 2098 1448 cen..

441 1511 542 1600 mum
566 1520 760 1622 gravitatis
783 1516 899 1616 ipsum
923 1509 1244 1598 determinabitur,
1277 1504 1617 1582 fideterminentur
1634 1508 1746 1588 solida
1766 1514 1948 1590 rotatione
1969 1465 2100 1610 figurae
2190 1523 2193 1530 ’

438 1663 554 1764 hujus
576 1665 673 1742 circa
693 1665 787 1739 duos
804 1680 894 1736 axes
919 1655 1005 1750 (sabi
1021 1654 1182 1730 invicem
1201 1675 1276 1728 non
1301 1647 1514 1748 parallelos)
1539 1653 1677 1750 genita.

538 1807 716 1895 Viciffim,
731 1787 858 1880 centro
870 1797 1064 1897 gravitatis
1084 1793 1214 1892 figurae
1234 1789 1393 1892 alicujus
1411 1791 1586 1891 posntione
1601 1795 1708 1885 dato,
1730 1795 2024 1891 determinantur
2046 1793 2065 1870 l
2096 1777 2099 1784 ’

439 1949 516 2026 lida
537 1950 720 2054 rotatione
743 1946 873 2041 figurae
896 1939 1009 2038 hujus
1034 1939 1129 2014 circa
1152 1959 1262 2016 axem
1280 1933 1483 2032 quemlibet
1504 1936 1680 2036 politione
1701 1941 1830 2016 datum
1849 1939 1986 2038 genita.

537 2091 681 2168 Eadem
700 2088 930 2190 applicantur
952 2085 1003 2164 ad
1024 2080 1232 2184 superficies
1252 2077 1436 2154 rotatione
1457 2047 1615 2179 alicujus
1641 2079 1750 2160 lineae
1774 2083 1871 2158 circa
1891 2083 1985 2158 duos
2007 2101 2098 2156 axes
2202 2056 2214 2082 ⁸

438 2237 596 2336 genitas.
1786 2197 1789 2206 ³

540 2373 675 2470 Quodsr
698 2383 825 2448 autem
850 2371 970 2470 ligura
1001 2367 1237 2467 symmetrica
1260 2361 1330 2454 est,
1377 2363 1439 2442 seu
1470 2389 1580 2444 axem
1610 2367 1771 2466 aliquem
1803 2365 1933 2464 figurae
1960 2363 2097 2442 habeta

441 2521 615 2621 quoniam
639 2527 808 2592 centrum
827 2513 1020 2610 gravitatis
1043 2507 1186 2608 ejus'in
1207 2508 1279 2584 hoc
1296 2533 1367 2584 axe
1390 2507 1499 2585 situm
1519 2509 1589 2598 est,
1623 2521 1667 2584 ut
1690 2505 1818 2607 pontio
1844 2507 1962 2581 centri
1984 2504 2099 2606 hujus

428 2660 727 2764 determinetur,
753 2653 883 2730 sufficit
901 2613 1145 2726 momentus?
1158 2647 1288 2743 figurae
1308 2670 1492 2744 quaerere,
1517 2651 1679 2750 respettu
1695 2651 1806 2726 unius
1828 2647 1956 2740 reuae,
1988 2672 2024 2727 v.
2039 2667 2096 2744 gr.

438 2801 601 2900 respetiu
621 2801 748 2890 lineae,
773 2821 858 2898 quae
878 2794 924 2872 fit
946 2794 1009 2870 axi
1031 2791 1119 2868 huic
1135 2790 1332 2868 ordinatim
1350 2790 1542 2890 applicata.

955 3093 1090 3173 Cama
1142 3059 1334 3169 neeman
1384 3113 1594 3175 numnam.

527 3254 590 3341 De
603 3251 740 3368 priuis
766 3276 977 3361 earumque
987 3253 1259 3364 superficiebus
1286 3259 1331 3335 iar
1352 3278 1509 3357 genere,
1544 3271 1582 3336 et
1609 3255 1654 3337 de
1680 3251 1819 3339 curvis
1846 3252 2011 3371 dupiicia
2090 3308 2096 3353 ς

1145 3402 1383 3470 curvaturae.

381 3602 392 3609 ’
440 3576 677 3753 Solidorum
699 3616 942 3693 rotundorum
970 3582 1214 3717 proprietates
1238 3629 1368 3695 tuma
1393 3618 1510 3718 figura
1534 3614 1734 3715 genitrice,
1769 3624 1851 3693 tum
1876 3641 1898 3695 a
1924 3622 2099 3719 positione

443 3765 549 3852 axis,
576 3762 673 3837 circa
690 3782 802 3859 quem
821 3756 940 3875 figura
956 3760 1040 3838 haec
1061 3771 1223 3849 rotatur,
1256 3760 1438 3860 pendere,
1466 3762 1505 3838 in
1526 3760 1645 3837 tribus
1661 3760 1842 3861 capitibus
1859 3764 2102 3860 praecedenti·

440 3906 513 4019 bus
538 3904 683 3982 abunde
703 3902 775 3978 mit
799 3901 1037 3978 declaratum.
1088 3902 1213 3983 Solida
1236 3900 1320 3983 haec
1343 3908 1527 4007 praecipue
1550 3902 1835 3982 mathematicos
1861 3916 2099 4005 occuparunt.

441 4050 589 4128 Dantur
609 4058 736 4124 autem
756 4046 951 4123 innumera
973 4044 1045 4121 alia
1064 4068 1087 4124 a
1110 4046 1232 4123 solidis
1254 4050 1423 4126 rotundis
1446 4046 1590 4131 diversa
1596 4071 1608 4143 ;
1641 4069 1800 4147 quorum
1820 4050 1982 4149 potiores
2007 4050 2102 4129 duas

1964 4192 2103 4294 species

561 4332 736 4400 balisvero
752 4332 862 4397 eadem
881 4328 921 4397 lit
934 4352 1008 4397 cum
1023 4328 1164 4399 setiione
1183 4334 1301 4399 annuli.
1341 4331 1530 4401 Guanmna
1551 4328 1622 4416 (Da
1636 4340 1752 4427 tantm
1762 4331 1967 4419 gravinen.
1985 4330 2098 4399 Libll.
2179 4306 2195 4369 ⁸·
2232 4390 2236 4397 .

563 4437 807 4519 Viennae164o.
834 4436 1003 4523 capum
1024 4438 1119 4522 Prop.
1132 4438 1190 4523 Π.)
1221 4439 1378 4523 regulam,
1407 4458 1499 4520 quam
1518 4449 1635 4513 vocat,
1657 4438 1836 4523 generalem
1857 4438 2100 4521 competitionla
2213 4451 2222 4467 ·

479 4540 493 4561 ‘
561 4542 754 4630 potestatum
776 4545 982 4608 rotundamm
1003 4544 1084 4607 hanc
1110 4544 1259 4619 tradidit,
1290 4540 1344 4605 sed
1371 4562 1428 4627 per
1457 4541 1676 4609 induitionem
1703 4555 1826 4610 rantum
1852 4538 2099 4624 comprobavit:

563 4648 764 4728 „Quantitas
781 4650 918 4712 rotunda
942 4650 976 4712 in
993 4648 1082 4713 viam
1103 4648 1276 4713 rotationis
1304 4647 1445 4725 (lineam
1468 4646 1668 4725 circadarem,
1698 4668 1790 4733 qnam
1811 4648 1845 4711 in
1861 4646 2024 4713 rotatione
2044 4644 2102 4721 de,-

564 4796 588 4831 ‚‚
594 4754 702 4825 scribit
715 4764 859 4818 centrum
875 4754 1039 4835 gravitatis
1057 4752 1281 4837 magnitudinis
1299 4752 1438 4831 rotatae)
1461 4749 1552 4816 dutta
1562 4754 1711 4837 producit
1728 4742 1917 4837 pbtestatem
1933 4752 2104 4827 rottmdam

567 4876 664 4935 „uno
689 4859 788 4943 gradu
807 4856 953 4921 altiorem
978 4856 1133 4939 potestate
1159 4856 1228 4921 live
1257 4856 1593 4941 quadrimembrem„
1643 4856 1940 4949 Demonstrationes
1965 4854 2103 4941 regulae,

514 4999 517 5007 ·
570 4980 640 5049 quae
658 4962 697 5025 ad
717 4960 915 5026 Guunrnuaa
934 4970 1079 5043 tanquam
1097 4965 1304 5028 inventorem
1322 4960 1433 5025 referri
1451 4960 1639 5041 consuevit,
1666 4966 1750 5031 varii
1768 4966 1882 5031 deinde
1902 4962 2005 5033 varias
2025 4977 2104 5047 pro-

568 5067 752 5154 potuerunt.
772 5062 868 5132 Cous.
885 5064 1087 5133 nonaum
1104 5066 1203 5149 Hifi.
1225 5066 1285 5132 des
1301 5062 1426 5133 Malla.
1447 5062 1487 5133 T.
1503 5063 1542 5133 Π.
1563 5084 1594 5151 p.
1610 5086 1661 5155 19.
1669 5068 1733 5156 sqq.

1234 5172 1270 5250 B
1294 5172 1318 5251 b
