5325 6300
2088 636 2137 723 ,ΠΙ
2302 660 2309 675 .

428 855 436 869 ·
477 844 604 912 natam
623 810 955 907 animadversiones
975 818 1134 921 amplius
1154 820 1308 900 extendi
1331 821 1493 925 primum
1515 818 1598 935 ejus
1614 818 1754 925 Caput3
1791 820 1910 923 quod,
1942 844 2027 901 cum
2045 822 2130 926 sun·
2242 811 2248 825 '

474 974 649 1051 damenta
672 970 847 1045 exhibeat
868 967 985 1042 totius
1007 964 1212 1063 systematis
1230 964 1456 1043 calculorum
1481 966 1721 1068 superiorum,
1745 966 1928 1067 praecipua
1943 988 2031 1043 cura
2048 969 2129 1043 erat'
2173 1025 2176 1037 ,

472 1106 713 1193 trauaidum.
774 1109 977 1209 Speciatim
1005 1110 1109 1185 notio
1134 1108 1262 1185 limitis
1290 1106 1428 1185 ibidem
1455 1108 1592 1186 tradita
1619 1108 1730 1187 nimis
1757 1120 1837 1211 erat
1860 1105 2032 1203 angusta,
2067 1106 2123 1196 dc,

469 1265 515 1329 ut
532 1272 663 1329 omnes
689 1250 989 1352 complesteretur
1005 1250 1127 1342 casus,
1154 1254 1332 1339 debebat,
1355 1251 1413 1327 uti
1423 1273 1527 1327 nunc
1555 1252 1598 1327 fit
1624 1248 1750 1355 §.13,
1775 1248 1939 1325 extendi.
2053 1328 2057 1338 ,

563 1418 621 1494 lta
643 1415 780 1495 fastum
800 1416 868 1508 est,
901 1428 946 1493 ut
964 1416 1087 1517 Caput
1109 1418 1181 1496 hoc
1198 1418 1475 1495 fundamentale
1498 1432 1741 1515 augmentum
1767 1416 1851 1493 satis
1874 1395 2126 1515 insigne'nan·

466 1556 678 1655 cisceretur;
715 1585 836 1661 neque
867 1533 1050 1638 rationem
1075 1543 1286 1639 habendam
1313 1558 1383 1637 else
1407 1558 1612 1637 existimavi
1631 1556 1794 1637 censiuae
1814 1556 2033 1657 prolixitatis
2055 1558 2125 1637 ho·

464 1723 547 1777 rum
568 1702 884 1801 praeliminarium.
935 1702 1047 1781 Adeo
1069 1698 1274 1804 persuasum
1293 1700 1432 1793 habeo,
1457 1702 1632 1803 principia
1658 1700 1879 1778 calculorum
1899 1700 2123 1801 superiorum
2267 1796 2269 1799 Ι
2430 1784 2433 1788 ,

461 1841 597 1919 debere
615 1842 665 1920 ad
685 1842 907 1923 methodum
929 1842 1093 1921 limitum
1119 1842 1266 1932 reduci,
1301 1866 1370 1918 nec
1391 1840 1486 1943 posse
1514 1842 1587 1919 alio
1607 1842 1718 1919 modo
1740 1842 1849 1918 solide
1878 1843 2045 1939 stabiliri3
2077 1856 2123 1923 ut

459 1982 697 2057 necessarium
725 1982 796 2065 effe
824 1986 1058 2083 putaverim,
1095 1984 1316 2065 methodum
1330 1984 1445 2061 illam
1475 1986 1514 2063 in
1541 1982 1701 2064 sorma'm
1736 1983 1909 2061 dosirinae
1939 1988 2119 2085 redigere.
2209 2020 2212 2027 ·

459 2123 553 2209 Quae
574 2142 679 2213 cum,
704 2146 790 2203 mea
805 2126 957 2224 quidem
973 2126 1172 2219 sententia,
1196 2140 1342 2229 partem
1362 2126 1582 2241 constituere
1604 2124 1738 2201 debeat
1760 2124 1895 2203 Cursus
1914 2128 2120 2207 matheseos
2192 2134 2199 2143 '

393 2332 399 2339 .
456 2262 710 2357 elementaris,
735 2290 799 2358 eo,
823 2290 898 2367 quo
922 2279 1088 2370 oportet,
1111 2256 1302 2365 rigorff&
1318 2270 1463 2343 ambitu
1481 2267 1692 2345 concinnati
1699 2291 1711 2363 3
1747 2268 2011 2368 supersedissem
2032 2270 2120 2347 huic

455 2426 598 2505 operae,
630 2405 790 2507 siquem
815 2373 971 2504 nossem,
1003 2413 1051 2490 ad
1079 2430 1192 2509 quem
1212 2410 1403 2515 remittere
1428 2402 1630 2505 ponntsem.
1691 2384 1867 2481 Ceterum
1894 2410 2119 2505 comparatio

452 2534 599 2651 attenta
623 2547 792 2648 docebit,
814 2554 953 2659 nullam
978 2555 1018 2631 in
1044 2521 1176 2653 Capite
1197 2552 1285 2635 hoc,
1311 2562 1399 2627 utut
1419 2548 1561 2650 amplo,
1587 2546 1686 2625 tradi
1706 2547 2003 2650 propositionem,
2029 2550 2120 2647 quin

454 2658 503 2758 ad
524 2681 790 2783 applicationes
809 2692 1004 2789 sequentes
1025 2680 1220 2767 necessaria
1244 2690 1299 2771 sit.
1387 2798 1390 2803 Ι
1412 2794 1418 2807 ¹
1558 2776 1561 2783 ,

549 2848 739 2964 Desiderio
762 2847 836 2931 solo
857 2853 950 2930 utile
974 2854 1065 2965 quid
1090 2851 1286 2951 praestandi
1307 2865 1436 2931 motus
1457 2818 1531 2931 non
1551 2853 1752 2965 reformido
1777 2852 2097 2953 reprehensionem
2103 2876 2115 2949 ;

318 3024 322 3031 ·
452 2994 553 3092 quod
569 2993 770 3103 senteptia,
797 3018 910 3098 quam
935 2995 1107 3086 sustineo,
1139 3018 1242 3073 nova·
1257 3019 1332 3074 non
1353 2990 1416 3083 sit,
1440 2992 1503 3076 sed
1527 2966 1574 3068 ab
1602 2992 1713 3067 variis
1735 2976 1813 3087 jam
1837 2995 2116 3069 mathematicis
2189 3014 2194 3031 ·

456 3108 647 3238 qropositass
707 3118 854 3216 Gnarus
877 3137 1092 3239 scriptorum
1125 3130 1470 3226 o’mnhiinrir,
1505 3137 1705 3227 Cousir'rr,
1738 3132 1983 3225 Kmsnnunr,
2009 3135 2115 3212 Krin-

454 3299 633 3370 snanir,
657 3279 1010 3368 laurentiorum,
1035 3281 1308 3370 Pssouicnu,
1342 3258 1542 3379 praesertim
1571 3276 1862 3384 dissertationum
1882 3278 2117 3386 egregiarum

449 3416 678 3508 Rosiusri,
703 3416 743 3494 dc
767 3419 945 3509 tradatur
973 3419 1075 3494 solidi
1092 3397 1394 3508 Miciioniiii',
1427 3421 1466 3496 in
1488 3423 1653 3496 animum
1675 3421 1775 3496 haud
1795 3419 2014 3497 induxissem
2036 3445 2115 3498 me·

451 3556 653 3634 ditationes
673 3579 779 3634 meas
799 3558 846 3633 de
867 3559 984 3634 arduo
1009 3560 1080 3632 hoc
1102 3558 1244 3668 ob'petlo
1263 3561 1407 3656 publice
1429 3583 1634 3658 exponere3
1660 3561 1725 3636 nisi
1748 3562 1898 3658 quaestio
1919 3563 1965 3641 ab
1987 3562 2115 3640 socie-

445 3711 525 3780 tate
555 3699 718 3778 literaria
745 3700 839 3776 adeo
863 3697 991 3774 illustri
1017 3695 1250 3796 promulgata
1277 3698 1523 3776 attentionem
1553 3721 1677 3774 meam
1698 3702 1909 3790 excitasset,
1946 3703 2112 3800 mihique
2222 3672 2223 3680 Ν
2277 3709 2282 3720 “

403 3937 408 3944 ¹
446 3843 685 3938 persuasisset,
713 3863 798 3942 quae
822 3829 901 3942 jam
923 3837 1084 3942 prestita
1103 3833 1193 3929 fint,
1225 3839 1393 3940 nondum
1412 3839 1585 3916 omnibus
1610 3839 1796 3917 desideriis
1817 3841 2023 3957 satisfacere
2045 3839 2112 3942 ipsi
2184 3872 2187 3882 s

451 3953 580 4064 rideri}

546 4117 711 4224 Dubium
732 4144 899 4231 nonest,
933 4141 1023 4239 quin
1047 4126 1290 4224 Nawrouos
1320 4143 1504 4248 dostrinas
1523 4141 1605 4220 suas
1629 4142 1762 4220 iisdem
1783 4107 1967 4245 principiis
1990 4145 2120 4256 super·¹

449 4277 605 4370 struem,
629 4273 816 4382 speciatim
843 4305 911 4388 per
929 4283 1092 4360 rationes
1115 4255 1314 4385 primas&
1336 4287 1506 4377 ultimas,
1532 4297 1612 4364 tain
1630 4285 1842 4384 frequenter
1862 4289 1901 4366 in
1920 4278 2115 4386 Principiis

455 4422 529 4499 suis
555 4417 762 4520 usurpatas,
797 4425 939 4501 limites
966 4426 1152 4505 rationum
1173 4430 1332 4528 intelligi
1358 4429 1535 4524 voluerit3
1571 4427 1751 4526 cumipse
1773 4430 1812 4504 in
1833 4429 1981 4506 Scholia
2001 4429 2113 4505 Lem*-

449 4564 542 4643 mati
561 4559 626 4639 XI.
652 4559 754 4637 Libri
770 4562 799 4640 1.
823 4559 981 4664 Princip.
1013 4567 1203 4669 subjunfto
1230 4571 1447 4648 monuerit:
1500 4573 1627 4647 Ultimo
1658 4571 1797 4640 rationes
1820 4571 1899 4660 isla,
1929 4573 2114 4671 quibasem

448 4711 666 4807 „paucitates
685 4705 881 4802 comesturi,
906 4731 1020 4783 reuera
1042 4736 1109 4785 non
1116 4713 1199 4809 sunt
1216 4719 1357 4786 rationes
1377 4719 1591 4810 quantitatem
1615 4714 1900 4808 ultimorumfed
1919 4711 2049 4799 limites,
2072 4715 2116 4783 od

305 4872 311 4884 ·
445 4875 561 4966 „prior
572 4848 783 4949 pumicosum
793 4849 865 4950 fine
887 4851 985 4926 simite
1007 4853 1245 4951 mnaslrrrsiiim
1263 4857 1403 4929 rosiones
1417 4852 1548 4954 semper
1561 4859 1833 4952 appropinquarit,
1865 4853 1913 4932 ΕΤ
1937 4877 2018 4951 quos
2029 4877 2114 4950 pro·

432 4969 553 5116 ,m
574 4989 688 5098 uio
705 4966 832 5094 ,ipa
853 5019 948 5094 iao
963 5021 1027 5095 iro
1049 5004 1123 5072 aaa
1143 5001 1256 5096 φαεν
1279 4995 1473 5096 asama

698 5151 710 5178 ⁸
1282 5183 1305 5228 *
1329 5208 1354 5262 a
1683 5153 1685 5161 λ
1979 5177 2116 5268 Qum-
