5325 6300
577 520 649 597 ³32

601 764 608 781 ⁸
674 670 716 779 ᾖ.
750 690 833 771 223·
883 673 1098 773 Conceptus
1120 666 1271 751 addonis
1302 661 1551 747 discootinuae
1582 664 1689 747 fluidi
1719 667 1907 767 mitifici,
1948 670 2102 773 physico
2125 678 2249 791 suase

577 816 781 893 luculentia
793 817 1074 912 commendans,
1098 815 1192 917 saepe
1211 814 1327 893 etiam
1344 809 1610 891 mathematico
1628 812 1846 896 commodus
1861 809 1924 911 est,
1975 814 2147 903 'llicoriae
2161 802 2249 907 iluiss

580 960 712 1037 mum
734 960 1017 1049 continuorum,
1042 956 1272 1037 elaslicoruni
1292 956 1431 1059 pariter
1449 978 1494 1035 ac
1514 978 1590 1033 non
1610 956 1857 1049 elasticorum,
1882 958 2087 1043 admodum
2109 968 2249 1071 imper.

581 1100 685 1180 fettae
708 1101 833 1179 adhuc
857 1101 956 1187 sunt,
995 1100 1165 1199 quamvis
1196 1100 1328 1179 summi
1352 1098 1468 1199 hujus
1492 1098 1531 1179 dt
1560 1098 1751 1201 superioris
1773 1099 1885 1179 sectili
1905 1102 2164 1191 mathematici
2188 1114 2242 1195 sui

579 1246 652 1327 iliis
676 1244 792 1323 studia
817 1242 1082 1343 impenderint,
1117 1242 1157 1323 dc
1180 1264 1273 1343 quas
1295 1264 1318 1317 a
1343 1238 1454 1339 priori
1478 1241 1641 1320 stabilire
1658 1240 1809 1339 quidam
1829 1244 1984 1342 aggredi
2009 1248 2110 1345 sunt,
2136 1280 2248 1358 expe·

579 1391 713 1503 rientia
735 1386 879 1465 evertit.
932 1384 1220 1485 Consequentias
1239 1382 1520 1483 principiorum,
1546 1408 1631 1485 quae
1652 1410 1717 1487 pro
1734 1386 1878 1467 basibus
1897 1374 2107 1485 sumuntur,
2132 1400 2251 1497 perse-

423 1601 438 1629 ,
583 1532 648 1631 qui
671 1526 978 1607 exercitauilmts
1002 1542 1150 1605 tanturn
1169 1524 1453 1605 calculatoribus
1473 1530 1593 1607 datur.
1646 1530 1734 1609 Alia
1756 1529 1807 1605 est
1830 1532 1926 1609 ratio
1946 1534 2101 1629 theoriae
2114 1536 2251 1615 lluido-

533 1666 537 1676 ’
579 1698 664 1765 rum
683 1672 931 1751 discretorum
990 1671 1172 1771 Principia
1194 1668 1278 1769 ejus
1301 1668 1384 1747 sunt
1403 1669 1630 1767 indubitata;
1657 1672 1697 1750 dt
1721 1674 1991 1775 consequentiae
2012 1678 2169 1760 deducu
2190 1679 2250 1757 sa·

581 1817 688 1913 ciles3
718 1816 822 1916 quod
846 1816 977 1893 calculi
999 1814 1084 1893 Dni.
1104 1812 1288 1891 Lasine
1312 1814 1574 1914 comprobant,
1599 1816 1664 1915 qui
1686 1840 1734 1893 ne
1758 1818 1895 1917 primas
1920 1820 2072 1920 quidem
2092 1820 2250 1899 calculo·

582 1982 667 2037 runi
691 1958 916 2058 superiorum
935 1958 1104 2035 notiones
1122 1954 1291 2053 exigunt.

496 2194 511 2231 ,
680 2134 719 2241 §.
746 2136 827 2213 22⁶.
879 2128 950 2207 Ex.
967 2150 1022 2227 gr.
1046 2130 1179 2207 Gallici
1198 2128 1261 2207 lex
1278 2130 1558 2211 accelerationis
1574 2134 1744 2232 pavium
1771 2132 1939 2235 (phyfice
1953 2136 2154 2239 intellesla)
2179 2142 2252 2217 im·

582 2282 745 2363 medmte
768 2300 818 2351 ex
839 2272 979 2351 sitione
1004 2270 1110 2363 fluidi
1134 2271 1321 2371 ejusmodi
1344 2272 1589 2373 consequitur.
1641 2276 1739 2354 Curii
1756 2277 2026 2359 incrementum
2043 2282 2254 2361 velocitatis

584 2424 754 2525 gravium
775 2420 955 2497 debeatur
981 2414 1115 2503 lluido,
1148 2410 1386 2513 tempusculis
1409 2416 1617 2515 aequalibus
1639 2442 1704 2520 per
1727 2420 1902 2522 impulsus
1921 2424 2084 2522 aequales
2106 2426 2250 2525 agenti:

587 2567 777 2651 celeritas,
809 2582 921 2661 quam
944 2558 1070 2656 gravia
1099 2567 1265 2656 tempore
1293 2555 1449 2637 sensibili
1478 2561 1690 2661 acquirunt,
1723 2586 1878 2641 numero
1905 2564 2038 2645 hanirii
2069 2568 2255 2671 impulsio·
2416 2612 2424 2643 ·.
2469 2506 2470 2565 ἶ

589 2728 701 2799 nuni;
736 2702 887 2803 proinde
912 2698 1071 2800 tempori
1089 2699 1370 2799 proportionalis
1386 2700 1457 2795 eil,
1488 2724 1564 2803 quo
1582 2726 1731 2807 corpora
1750 2702 1832 2783 illas
1852 2706 1934 2785 suut
1955 2722 2117 2809 experta
2177 2710 2253 2788 im·

588 2850 728 2927 medlte
748 2848 863 2947 igitur
881 2841 1131 2941 consequitur,
1156 2836 1227 2919 etl‘e
1248 2866 1328 2923 vin
1350 2858 1373 2917 t.

591 3029 597 3039 ·
685 3006 785 3082 Hinc
808 2999 921 3097 spatia
940 2995 1176 3091 tempusculi's
1194 3000 1400 3093 aequalibus
1418 2988 1615 3069 successivis
1634 2986 1820 3087 percursa,
1844 2992 1976 3084 utpote
1997 2990 2254 3098 celeritatibtis

589 3142 776 3246 acquisitis
797 3133 1096 3241 proportionalia,
1121 3134 1260 3236 pariter
1282 3142 1448 3218 crescimt
1468 3136 1526 3214 uti
1545 3146 1732 3234 tempora,
1766 3126 1918 3230 proinde
1937 3126 1995 3204 uti
2018 3130 2163 3208 numeri
2186 3155 2253 3208 na·

591 3289 749 3378 turaies;
784 3282 958 3382 &spatia
976 3280 1064 3356 inde
1087 3277 1133 3353 ab
1151 3277 1258 3357 initio
1277 3293 1403 3358 motus
1426 3277 1592 3382 percursa
1613 3272 1778 3352 crescunt
1802 3271 1860 3348 uti
1883 3269 2028 3348 numeri
2052 3271 2254 3369 triangula·

422 3452 426 3460 '
590 3445 655 3525 res
682 3447 920 3506 numerorum
933 3431 1220 3498 momentorum
1247 3425 1395 3515 illorum
1424 3423 1615 3524 temporis.
1684 3417 1761 3496 Sed
1791 3437 2029 3493 numerorum
2053 3413 2254 3510 triangula·

591 3579 687 3654 rium
711 3571 805 3648 ratio
824 3589 870 3644 eo
893 3565 1043 3668 propius
1062 3564 1207 3642 accedit
1226 3567 1275 3644 ad
1297 3569 1480 3644 rationem
1505 3581 1747 3644 numerorum
1769 3557 2030 3656 quadratorum
2047 3555 2250 3655 correspon-

591 3717 782 3803 dentium,
815 3731 888 3806 quo
908 3707 1069 3807 majores
1089 3709 1173 3788 suut
1185 3709 1349 3798 numeri,
1375 3711 1441 3812 qui
1459 3709 1617 3812 ipsorum
1636 3701 1717 3778 sunt
1736 3697 1879 3776 radices
1904 3695 1962 3802 (ᾗ.
1982 3699 2073 3790 ao).
2125 3698 2253 3795 Itaque

593 3857 707 3960 spatia
724 3851 887 3954 percursa
909 3875 954 3928 eo
971 3853 1179 3930 accuratius
1192 3853 1476 3954 proportionalia
1495 3851 1577 3925 sunt
1594 3842 1784 3942 quadratis
1803 3853 2013 3957 temporum
2030 3839 2253 3941 elapsorum,

594 4025 669 4102 quo
690 3997 795 4099 plura
813 3994 968 4093 quodvis
984 4009 1133 4098 tempus
1155 3995 1316 4074 sensibile
1335 3992 1501 4068 continet
1518 3984 1763 4088 tempuscula,
1789 3985 1933 4064 duobus
1951 3983 2068 4062 causae
2087 3982 2256 4060 metricis

584 4138 808 4242 'impulsibus
831 4136 1046 4216 immediate
1063 4137 1135 4218 sese
1150 4135 1457 4232 consequentibus
1477 4127 1681 4228 interjesla.

695 4304 735 4411 ᾗ.
763 4325 851 4432 227.⁸
896 4305 1064 4408 optabile
1082 4309 1157 4386 fine
1182 4307 1295 4384 dubio
1317 4305 1430 4394 foret,
1455 4307 1498 4376 ut
1514 4289 1787 4374 mathematicis
1806 4285 1946 4390 semper
1969 4286 2098 4367 liceret
2120 4291 2255 4372 eadem

596 4450 775 4531 facilitate
799 4447 1075 4550 consequentias
1097 4448 1266 4550 principii
1286 4419 1431 4532 assumti
1453 4442 1649 4526 deducere.
1700 4433 1824 4532 Magis
1842 4441 1969 4508 autem
1992 4429 2120 4510 assueti
2140 4457 2256 4536 expo·

599 4599 772 4674 uentibus
795 4596 1095 4675 differentialibus
1127 4549 1170 4740 ἒ
1192 4635 1229 4666 =
1253 4623 1294 4693 n,
1324 4547 1481 4742 ἔτι),
1505 4589 1658 4690 aliisque
1676 4580 1870 4676 suniiibus3
1898 4581 2249 4684 quaniexprellioni·

599 4766 671 4842 bus
688 4785 752 4861 per
770 4763 998 4844 differentias
1016 4762 1161 4859 finitas,
1188 4787 1276 4866 quae
1300 4764 1372 4867 illis
1394 4759 1629 4864 respondent:
1662 4750 1800 4854 priores
1817 4745 1970 4826 uastare
1990 4747 2250 4849 expressiones,

596 4919 713 4999 quam
730 4905 962 5002 posteriores,
985 4913 1108 5004 magis
1124 4909 1204 4986 iere
1227 4905 1287 5026 (iri
1303 4899 1643 5004 investigationibus
1664 4893 1866 5000 praesertim
1886 4889 2037 4994 prolixis
2056 4911 2099 4966 ao
2109 4883 2251 4964 diffici-

767 5077 772 5090 ·
2099 5073 2103 5078 -
2150 5021 2253 5102 liori·
