5325 6300
338 630 344 641 ·
502 594 554 676 IV

398 866 403 875 ,
606 774 782 867 Quamvis
797 774 1062 853 Letoumus
1084 770 1211 849 modis·
1225 768 1402 873 loquendi
1421 772 1542 872 mag'm
1561 774 1761 855 audacibus
1782 780 1841 857 uti
1865 782 2072 863 affueverit:
2097 808 2162 864 eos
2198 858 2209 871 ,

510 931 637 997 tamen
664 916 906 1018 explicatione
927 916 1140 1013 rigidandos
1167 914 1237 993 effe
1270 914 1448 1017 praecepit
1477 912 1579 1017 (Ast.
1598 918 1711 995 Erud.
1732 920 1825 1019 Lips.
1850 944 1952 1026 1712.
1978 950 2012 1026 p.
2034 930 2163 1025 167.);

512 1062 552 1143 dt
576 1071 808 1138 momentum
834 1056 1183 1135 demonstrationum
1212 1056 1423 1139 exastanun
1450 1058 1601 1151 agnovit
1622 1068 1734 1155 atque
1761 1066 2042 1145 commendavit
2100 1066 2166 1142 Ad

512 1207 596 1308 Jon.
617 1206 937 1283 Buauoomaom
960 1198 1117 1278 scribens
1142 1197 1224 1297 (31
1248 1198 1494 1297 Dec.1700.)
1523 1198 1570 1274 de
1587 1198 1954 1293 N1euwaur1a11,
1993 1206 2162 1295 Romu,

515 1349 755 1433 Cuuvuun,
781 1342 820 1421 dt
835 1342 988 1418 aliorum
1009 1337 1180 1453 adversus
1202 1337 1385 1415 calculum
1409 1336 1690 1415 differentialem
1715 1340 1997 1440 objectionibus:
2033 1346 2168 1421 arethe

516 1491 603 1587 μβ,
633 1465 770 1587 inquit,
803 1514 840 1560 os
864 1488 926 1559 iltis
944 1479 1060 1555 occludi
1077 1506 1138 1577 per
1154 1480 1363 1553 redadh'onem
1386 1486 1428 1551 od
1449 1480 1719 1594 demonstrationes
1737 1496 1876 1555 veterum
1899 1508 1985 1558 more
1997 1486 2170 1585 serenatas.

516 1631 710 1733 (Leibnitii
725 1629 764 1709 dc
782 1626 983 1707 Bernoullii
999 1626 1206 1703 Commerc.
1223 1620 1354 1723 philos.
1375 1618 1413 1698 δι
1431 1620 1547 1699 math.
1567 1622 1608 1699 T.
1624 1624 1665 1701 11.
1693 1625 1759 1725 Ep.
1782 1628 1882 1729 108.)

519 1846 523 1855 .
618 1775 668 1850 Et
691 1756 862 1871 quamvis
881 1772 1097 1855 Womus,
1120 1764 1281 1863 vestigiis
1297 1766 1534 1843 Lmhluu
1554 1764 1732 1855 infistens,
1766 1766 1952 1845 infinitum
1976 1774 2115 1871 profuse
2136 1774 2174 1853 in

518 1881 659 2015 scriptis
686 1914 757 1989 suis
783 1911 966 2013 sparserit3
1001 1908 1179 1985 methodo
1206 1918 1334 1983 tamen
1357 1906 1640 1997 Archimedeae,
1672 1931 1784 2005 quam
1804 1908 1886 2005 jure
1907 1910 1972 1988 fibi
1992 1912 2192 2005 vindicat,

520 2056 802 2155 praerogativam
822 2054 971 2131 tribuit:
1007 2048 1147 2151 „lpfius
1169 2048 1493 2167 (documenta)
1519 2046 1788 2130 demonstrandi
1806 2050 1983 2127 methodo
2001 2054 2178 2155 principia

431 2196 438 2207 ’
521 2198 720 2287 „methodi
741 2193 1017 2273 infinitehmalis
1041 2192 1286 2295 rigidantur!
1326 2190 1464 2286 (Elem.
1483 2192 1641 2265 Mathes.
1662 2188 1763 2267 univ.
1787 2188 1828 2267 T.
1848 2186 1875 2265 1.
1896 2192 2024 2273 Geom.
2044 2196 2177 2275 Theor.

522 2340 581 2423 86.
596 2336 740 2436 Schol.)
2014 2354 2018 2360 ·

620 2474 793 2569 Pluribus
812 2472 893 2548 aliis
915 2471 1193 2551 authoritatibus
1211 2472 1346 2571 possem
1364 2468 1569 2547 institutum
1586 2494 1711 2549 meum
1726 2475 1870 2553 munire
1874 2498 1886 2571 3
1912 2484 2023 2579 atque
2049 2504 2109 2562 ex.
2127 2504 2183 2579 gr.

526 2616 736 2695 eonsensum
760 2613 843 2713 ejus
864 2638 951 2691 cum
967 2614 1146 2691 methodo
1166 2612 1457 2701 indivifibilium,
1480 2610 1675 2689 sanosensu
1687 2614 2064 2715 explicationibusque
2086 2619 2187 2719 saga-

528 2756 653 2835 oiffimi
679 2756 789 2857 ipfius
811 2755 968 2833 authoris
986 2756 1224 2834 eonformdter
1241 2752 1445 2865 intellesta,
1466 2753 1616 2830 docere:
1642 2774 1773 2830 verum
1787 2751 1871 2828 haec
1885 2750 2032 2848 longius
2053 2780 2113 2832 me
2137 2762 2184 2837 ab

529 2893 634 2995 scopo
650 2894 832 2993 propohto
845 2896 1084 2973 abducerente
1136 2896 1275 2983 Quare,
1300 2896 1372 2970 illis
1394 2896 1523 2979 miffis,
1546 2891 1594 2965 ad
1613 2898 1755 2991 partem
1773 2886 2052 2969 Introduttionis
2070 2892 2187 2995 huJus

531 3034 854 3120 mathematicam,
876 3030 1111 3130 sequentibus
1130 3028 1288 3129 quatuor
1308 3029 1503 3133 Capitibus
1522 3030 1714 3120 traditam,
1736 3028 1961 3131 progredior.

632 3226 831 3362 Tubingae,
858 3227 1002 3311 1Mast
1030 3246 1137 3328 ηας.
